1835 2765
859 48 901 83 21

176 146 205 180 si
238 158 327 181 nune
360 147 665 192 pertractabimus,
699 147 834 182 easdem
863 147 1014 181 rationes
1041 147 1095 182 hie
1122 159 1255 193 quoque
1284 148 1431 183 valuisse
1457 159 1583 192 cogno-

175 214 321 250 scemus,
355 217 438 251 quas
469 207 504 241 in
538 206 652 241 verbis
679 209 817 252 poetam
849 209 1002 241 secutum
1036 218 1110 241 esse
1143 209 1244 241 antea
1271 207 1414 242 ostendi.
1468 206 1584 252 Atque

175 264 292 299 multis
318 265 454 311 quidem
482 265 567 299 locis
593 265 649 300 hie
675 276 810 311 quoque
828 264 982 300 studium
1001 265 1241 300 alliterationis
1260 269 1394 310 poetam
1424 266 1581 310 adduxit,

175 327 212 357 ut
238 328 375 369 praeter
402 324 592 359 sententiae
620 324 860 358 necessitatem
889 324 1090 369 synonymis
1118 326 1289 367 uteretur,
1322 325 1417 359 euius
1444 325 1580 370 quidem

175 393 192 417 e
219 382 416 417 nominibus
449 381 533 416 haee
563 382 678 416 inveni
710 384 832 428 aperta
865 385 898 417 et
930 385 1024 417 certa
1057 382 1232 428 exempla:
1279 381 1309 416 ΙΙ
1328 380 1454 428 920121
1487 391 1582 418 coetu

175 442 388 487 concilioque
413 438 636 486 (primordia)
667 441 733 476 Nil
759 442 900 486 facient
935 448 1076 488 praeter
1106 442 1246 488 volqum
1272 442 1478 487 turbamque
1504 445 1581 477 ani-

174 507 341 543 mantum,
372 498 428 533 ubi
455 501 568 534 e‘oetus
595 503 629 533 et
655 501 838 535 concilium
864 501 945 535 item
967 511 1107 546 prorsus
1126 500 1202 546 pari
1222 499 1394 535 sententia
1420 500 1581 544 iugantur

175 563 276 603 atque
302 558 336 592 in
365 557 540 592 Ciceronis
573 558 687 594 libello
721 559 762 594 de
802 563 976 595 senectute
1008 561 1065 605 23,
1086 561 1132 595 84
1172 573 1190 595 o
1228 560 1454 607 praeclarum
1480 560 1581 604 diem,

175 629 252 651 oum
279 618 317 650 in
343 617 434 651 illud
459 618 615 652 divinum
645 620 843 653 animorum
874 620 1058 653 concilium
1092 626 1289 665 coetumque
1315 619 1525 665 proficiscar
1551 622 1584 653 et

174 675 207 709 in
236 674 323 709 libro
358 674 399 709 de
432 674 556 710 finibus
590 676 755 711 bonorum
796 680 829 711 et
867 677 1034 712 malorum
1067 676 1108 712 ΙΙ.
1129 678 1187 721 24,
1208 678 1251 712 77
1284 678 1373 712 mihi·
1397 690 1456 712 eae
1482 690 1584 712 verae

174 735 335 768 videntur
361 736 557 781 opiniones,
592 747 680 781 quae
712 737 750 769 in
777 738 871 773 omni
900 743 994 770 coetu
1027 737 1240 783 concilioque
1267 738 1490 785 profitendae
1515 739 1585 771 sint

175 793 372 839 pariterque
400 793 490 839 apud
518 793 653 828 Livium
682 793 721 828 ΙΙ.
742 794 801 837 38,
821 794 843 828 4
868 796 1009 841 piorum
1035 802 1130 829 coetu
1156 796 1389 842 eoneilioque5
1423 806 1500 830 eum
1530 794 1582 830 his

175 856 254 898 apte
292 863 477 898 compones
518 864 603 898 quae
643 852 823 888 Lucretius
860 854 934 898 ipse
973 853 1151 888 coniunxit
1190 854 1223 887 in
1258 865 1288 888 v.
1322 855 1392 889 843
1428 855 1507 890 libri
1535 854 1581 889 III

175 918 312 958 comptu
339 913 567 958 ooniuyioque
593 911 759 958 Corporis
793 919 896 959 atque
934 914 1070 947 animae
1109 914 1326 947 consistimus
1352 915 1465 948 uniter
1491 915 1580 960 apti,

175 971 217 1006 de
244 982 310 1016 quo
337 975 478 1016 comptu
506 982 566 1005 nos
594 971 692 1006 docet
718 970 961 1005 Laohmannus
992 971 1028 1005 in
1061 971 1301 1006 commentarii
1328 983 1405 1017 pag.
1431 973 1507 1007 135.
1537 991 1581 995 —-

174 1029 304 1064 Eodem
339 1028 580 1063 alliterationis
621 1029 733 1064 studio
773 1030 889 1064 extitit
927 1029 1110 1064 manifesto
1144 1040 1263 1064 versus
1290 1029 1319 1064 II
1348 1031 1418 1065 802
1453 1030 1584 1074 (pluma

174 1085 427 1134 columbarum)
454 1101 543 1135 quae
568 1090 636 1124 sita
662 1091 807 1124 eervices
835 1090 964 1124 circum
991 1089 1183 1136 collumque
1209 1096 1363 1132 coronat,
1392 1087 1449 1124 ubi
1475 1088 1583 1124 abun-

174 1148 326 1183 dantiam
356 1147 493 1193 quidem
513 1148 678 1183 orationis
698 1159 785 1193 quae
804 1151 856 1183 est
879 1148 914 1182 in
935 1148 1047 1183 verbis
1067 1150 1211 1183 cervices
1230 1149 1423 1195 collumque
1441 1148 1582 1183 conexis

175 1227 219 1231 ——
249 1206 328 1253 quid
358 1206 446 1242 enim
475 1206 665 1242 cervicibus
692 1218 778 1253 opus
806 1211 876 1252 est,
909 1207 968 1242 ubi
1000 1210 1109 1242 totum
1145 1206 1268 1242 collum
1297 1207 1508 1250 nominatur,
1539 1228 1581 1230 —

175 1267 297 1310 evitat,
337 1266 366 1301 si
407 1266 482 1311 quis
523 1265 675 1310 Briegeri
709 1266 941 1301 coniecturam
983 1266 1030 1309 (in
1064 1265 1150 1301 Phil.
1172 1267 1217 1301 25
1245 1277 1277 1312 p.
1302 1264 1362 1312 73)
1389 1268 1585 1301 eervieemst

176 1325 310 1371 accipit,
338 1325 433 1360 ouius
461 1329 576 1359 tamen
603 1335 740 1359 causam
769 1325 997 1360 neeessariam
1032 1336 1094 1368 ego
1127 1324 1256 1359 nullam
1286 1325 1402 1368 vide03
1443 1336 1522 1360 nam
1551 1329 1585 1360 et

175 1384 276 1419 huius
304 1384 496 1430 pleonasmi
523 1395 629 1429 genus
670 1384 837 1431 exemplis
877 1384 1044 1431 probatur
1083 1395 1146 1420 neo
1185 1385 1407 1431 participium
1443 1387 1510 1420 sita
1537 1404 1583 1408 -—

175 1446 305 1479 circum
331 1444 480 1479 alienum
509 1447 560 1479 est
586 1455 605 1478 a
631 1455 725 1479 more
752 1444 886 1479 dicendi
912 1443 1135 1487 Lucretiano,
1178 1455 1277 1489 quem
1312 1447 1434 1491 postea
1467 1445 1584 1490 copio-

176 1504 247 1538 sius
288 1514 468 1549 exponam.
505 1525 549 1529 -
582 1502 682 1538 Nunc
714 1503 851 1549 quidem
890 1503 924 1537 in
956 1503 1134 1538 nominum
1169 1503 1338 1549 exemplis
1377 1514 1501 1550 pergo,
1541 1515 1583 1538 ex

176 1563 299 1608 quibus
326 1562 458 1597 nullum
486 1562 588 1597 huius
616 1566 737 1608 poetae
754 1574 885 1597 morem
904 1562 1110 1598 luculentius
1131 1562 1282 1597 illustrat
1298 1574 1402 1608 quam
1429 1563 1464 1597 id
1491 1562 1582 1607 quod

176 1626 271 1657 extat
296 1622 331 1656 in
362 1633 391 1656 v,
413 1623 484 1658 634
510 1621 589 1657 libri
609 1621 654 1656 IV
681 1629 845 1669 tantaque
870 1624 909 1657 in
934 1623 986 1657 his
1011 1622 1111 1657 rebus
1138 1623 1307 1657 distantia
1334 1623 1579 1668 differitasque.

175 1681 269 1716 Haec
295 1681 385 1716 enim
414 1681 497 1715 mihi
527 1681 662 1716 videtur
689 1692 813 1726 magna
852 1681 1013 1727 audacia,
1052 1692 1118 1726 qua
1153 1685 1271 1725 poeta,
1307 1681 1387 1726 quia
1415 1680 1578 1715 vocabulo

176 1740 371 1786 differentia
397 1739 432 1774 in
459 1739 526 1774 fine
553 1751 674 1775 versus
701 1741 750 1775 uti
778 1751 840 1786 per
866 1743 1013 1775 metrum
1048 1751 1115 1774 non
1148 1739 1292 1784 licebat,
1332 1743 1370 1774 ut
1396 1739 1580 1774 alliteratio

176 1802 371 1834 servaretur
398 1803 431 1834 et
457 1810 576 1834 versus
605 1799 725 1845 plenus
753 1799 866 1845 fieret,
900 1811 999 1846 quem
1028 1799 1127 1834 aliter
1152 1799 1303 1834 formare
1330 1802 1485 1845 poterat,
1519 1798 1582 1834 hoc

175 1869 241 1893 uno
267 1858 342 1893 loco
369 1858 410 1892 de
437 1869 498 1893 suo
524 1857 627 1893 finxit
653 1869 769 1893 vocem
798 1860 985 1905 differitas,
1018 1869 1128 1904 neque
1160 1870 1199 1893 ea
1226 1861 1308 1904 apta
1335 1862 1387 1893 est
1414 1858 1581 1893 sermonis

132 1959 136 1963 ¹
175 1917 396 1964 amplificatio
436 1928 524 1964 quae
555 1916 701 1953 efficitur
734 1918 795 1953 tali
828 1918 984 1954 arbitrio.
1038 1918 1105 1954 Sed
1133 1921 1213 1953 sunt
1240 1917 1348 1953 multa
1375 1917 1460 1961 alia,
1495 1927 1581 1962 quae

175 1981 339 2023 quantum
367 1981 489 2023 poetae
516 1977 689 2021 ingenium
731 1977 774 2011 ad
805 1977 889 2012 talia
920 1977 1162 2013 alliterationis
1194 1977 1342 2012 ludibria
1374 1986 1579 2022 propensum

174 2037 276 2071 fuerit
305 2040 423 2083 aperte
449 2036 646 2081 ostendunt,
673 2035 766 2071 velut
793 2047 823 2070 v.
844 2035 872 2070 V
892 2037 965 2072 970
992 2039 1122 2072 circum
1148 2049 1182 2072 se
1198 2037 1305 2082 foliis
1331 2048 1371 2070 ac
1386 2034 1581 2080 frondibus

174 2097 393 2131 involventes.
447 2095 534 2137 Quid
562 2095 666 2140 enim,
694 2105 838 2140 quaeso,
878 2094 1042 2130 differunt
1068 2106 1089 2130 a
1113 2096 1205 2131 foliis
1238 2094 1392 2137 frondes,
1433 2104 1520 2139 quae
1548 2099 1584 2129 et

177 2156 272 2201 ipsae
299 2154 482 2189 manifesto
509 2154 564 2189 hic
591 2158 671 2189 sunt
695 2153 778 2188 folia
804 2153 877 2198 illa,
904 2164 1048 2199 quorum
1076 2153 1314 2197 multitudine,
1347 2163 1424 2187 cum
1458 2164 1500 2187 ex
1529 2164 1584 2187 ar-

175 2213 315 2249 boribus
342 2213 554 2258 deciderunt,
587 2213 711 2248 humus
744 2211 929 2248 sternitur?
980 2211 1052 2247 Nee
1090 2214 1204 2247 minus
1243 2211 1371 2246 clarum
1413 2215 1466 2246 est
1498 2211 1582 2247 illud

174 2274 367 2321 multosque
394 2274 489 2309 lacus
515 2274 708 2320 multasque
735 2273 878 2308 lucunas
906 2270 949 2306 VI
977 2271 1060 2317 538,
1088 2283 1175 2318 quae
1201 2271 1342 2306 nomina
1362 2270 1465 2317 plane
1490 2270 1581 2306 idem

175 2332 370 2376 significant
397 2344 504 2378 aeque
533 2344 571 2367 ao
599 2333 704 2368 verba
730 2343 847 2367 versus
881 2332 1053 2376 sequentis
1091 2344 1195 2378 rupes
1234 2332 1452 2378 deruptaque
1484 2344 1583 2376 saxa,

174 2391 208 2425 in
249 2391 373 2437 quibus
412 2391 671 2426 evidentissima
711 2390 847 2426 exsistit
883 2389 1124 2424 alliterationis
1173 2389 1360 2425 meditatae
1400 2391 1511 2424 forma
1550 2392 1585 2424 et

174 2450 300 2494 imago.
354 2451 473 2496 Neque
500 2451 652 2496 profecto
680 2450 792 2495 video,
825 2448 906 2495 quid
933 2448 1024 2483 aliud
1053 2448 1199 2483 voluerit
1234 2453 1355 2495 poeta,
1395 2460 1471 2484 oum
1502 2448 1584 2484 haec
