1835 2765
880 81 930 119 86

186 180 351 228 fraqore,
378 176 545 228 1592193
571 193 655 217 nam
679 182 713 216 ei
730 182 934 229 primordia
958 193 1076 217 rerum
1093 180 1310 218 Commutari
1333 181 1454 229 aliqua
1466 176 1611 230 poeaeut

195 242 333 276 ratione
357 242 504 286 revicta,
540 239 571 275 ΙΙ
598 240 671 277 605
702 243 862 288 quamvis
895 242 998 288 effera
1025 241 1147 289 protea
1184 241 1320 288 Officiis
1353 241 1450 277 debet
1478 242 1613 277 molliri

195 301 288 335 victa
312 306 511 347 parentum,
539 298 570 334 V
587 300 659 335 372
685 297 839 344 (moenia
866 298 1001 346 mundi)
1027 300 1102 336 alia
1128 302 1251 347 quavis
1271 307 1424 348 possunt
1446 302 1484 335 vi
1500 301 1610 348 pulsa

193 361 327 407 perire,
360 358 375 395 I
400 355 535 407 492193
569 366 641 396 tum
673 359 901 407 labefactatus
931 362 1030 408 riqor
1066 362 1149 396 auri
1182 360 1326 396 solvitur
1358 366 1472 396 aestu.-
1521 358 1610 396 Tum

193 420 324 465 qlaciee
350 420 442 454 aeris
459 420 608 465 flamma
634 421 768 455 devicta
794 420 963 467 liquescit,
990 419 1021 455 II
1050 420 1145 455 1145
1170 422 1307 456 moenia
1332 421 1457 455 mundi
1484 420 1609 467 Expu-

193 485 304 525 qnata
330 478 464 514 dabunt
490 478 599 514 labem
613 481 797 526 patriaque
815 481 950 524 ruinae,
978 478 1009 514 II
1028 479 1100 515 234
1120 477 1279 526 (leviora)
1297 479 1420 515 cedunt
1434 480 1611 527 qraviori-

196 537 258 573 bus
284 545 502 586 exsuperata.

296 596 364 632 Sed
394 597 479 632 haec
504 597 691 643 participia
722 598 881 644 quamvis
913 598 948 633 in
983 597 1154 633 enuntiati
1187 608 1319 633 conexu
1352 607 1610 644 supervacanea

197 656 286 701 sint,
319 655 414 692 nullo
447 655 547 691 modo
580 658 697 692 tamen
732 656 843 692 futilis
869 656 1061 703 pleonasmi
1096 656 1256 704 exempla
1281 656 1398 704 putari
1423 647 1610 693 debent'et

196 715 296 751 valde
324 718 426 760 erret,
454 716 484 751 si
511 716 588 761 quis
615 727 655 751 ea
681 715 828 752 fortasse
855 716 1040 763 supplendi
1067 716 1202 752 numeri
1221 727 1326 752 causa
1351 716 1469 752 addita
1494 716 1608 752 ducat.

198 774 286 810 Sunt
312 775 428 822 potius
455 775 558 811 etiam
589 775 673 811 haec
700 775 800 821 signa
826 776 912 812 artis
940 776 1118 812 cuiusdam
1148 779 1280 822 aperta,
1309 787 1385 812 cum
1413 778 1515 823 poeta
1540 787 1608 811 non

196 833 230 868 id
270 834 423 869 maxime
460 834 614 879 studeat,
657 838 696 870 ut
735 836 942 871 sententiam
982 835 1110 871 claram
1150 835 1301 871 breviter
1338 836 1512 882 exprimat
1550 835 1609 871 sed

197 896 357 938 quaerat,
398 904 464 939 quo
495 893 598 928 modo
631 905 687 929 res
715 895 869 930 suaviter
895 894 1128 941 depingantur
1159 897 1193 930 et
1219 895 1324 930 variis
1355 894 1526 930 coloribus
1552 905 1608 929 or-

195 955 335 997 nentur,
362 963 425 987 nec
452 952 562 987 solum
591 953 813 989 manifestam
842 965 918 989 esse
944 953 1136 989 orationem
1159 953 1243 989 velit
1269 953 1332 989 sed
1358 953 1462 990 etiam
1488 954 1609 988 iucun-

196 1010 287 1045 dam.
350 1010 470 1057 Itaque
509 1011 612 1047 huius
651 1023 785 1058 quoque
816 1013 952 1058 generis
986 1012 1144 1058 exempla
1177 1023 1278 1058 quam
1318 1012 1470 1047 maxime
1507 1011 1610 1058 plena

198 1070 431 1116 proferentur,
459 1081 547 1116 quae
566 1071 594 1106 si
622 1071 758 1115 singula
777 1071 950 1116 leguntur,
977 1072 1065 1106 mira
1083 1071 1279 1116 videantur,
1305 1071 1468 1106 universa
1486 1073 1609 1117 poetae

197 1129 349 1165 studium
389 1130 583 1166 luculenter
622 1130 818 1166 ostendunt.
877 1130 951 1166 Hac
990 1131 1081 1166 enim
1121 1131 1254 1166 ratione
1286 1130 1508 1166 iudicandum
1544 1130 1610 1166 erit

197 1190 302 1225 etiam
339 1189 381 1226 de
413 1201 444 1225 v.
466 1190 512 1225 III
539 1190 611 1226 582
642 1197 739 1225 tanta
770 1198 940 1226 mutatum
966 1198 1073 1238 putre
1103 1192 1210 1226 ruina
1242 1189 1439 1226 Couciderit
1468 1203 1607 1238 eorpuc,

198 1249 257 1284 ubi
283 1249 397 1294 aliquo
425 1249 498 1284 iure
523 1248 754 1284 Wakefieldus
781 1249 871 1284 dixit
898 1250 1120 1296 participium
1147 1257 1317 1285 mutatum
1343 1250 1379 1284 in
1405 1249 1503 1294 gravi
1529 1260 1608 1284 sen·

198 1307 309 1342 tentia
335 1311 389 1342 sat
414 1308 574 1352 ignavam
604 1308 788 1343 stationem
816 1319 1021 1355 occupasse,
1055 1308 1115 1344 sed
1147 1309 1275 1344 iniuria
1301 1307 1359 1343 ille
1386 1307 1609 1354 participium

198 1367 394 1402 coniectura
421 1366 542 1402 fulcire
569 1370 713 1402 conatus
741 1371 809 1410 est3
838 1379 948 1413 neque
975 1368 1067 1402 enim
1092 1367 1200 1402 multo
1227 1368 1339 1402 maior
1365 1370 1440 1402 erat
1465 1367 1517 1402 vis
1536 1366 1609 1402 eius

198 1426 233 1461 in
260 1425 329 1461 illis
362 1437 449 1472 quae
482 1429 585 1461 antea
617 1426 718 1461 attuli
752 1426 920 1473 exemplis
955 1430 990 1462 et
1015 1426 1069 1462 his
1097 1438 1232 1473 quoque
1259 1438 1343 1473 quos
1370 1427 1439 1461 iam
1467 1424 1608 1461 afferam

198 1485 282 1521 locis
311 1486 532 1532 participium
552 1486 756 1532 plerumque
774 1486 926 1533 pondere
945 1490 1054 1522 caret:
1087 1486 1118 1522 ΙΙ
1145 1484 1278 1534 952153
1303 1500 1386 1522 nam
1404 1488 1491 1533 quid
1502 1499 1609 1534 prae-

197 1553 289 1580 terea
313 1546 439 1592 facere
476 1547 583 1581 ictum
608 1559 714 1593 posse
747 1559 887 1581 reamur
916 1546 1098 1589 Oblatum,
1139 1545 1186 1580 III
1213 1546 1283 1582 303
1316 1558 1377 1580 nec
1408 1547 1514 1581 nimie
1538 1547 1612 1580 irai

188 1606 264 1652 faa·
289 1618 456 1653 umquam
483 1605 622 1641 subdita
642 1607 759 1653 percit
783 1606 939 1641 Fumida
965 1602 1119 1651 (boves),
1154 1604 1168 1640 I
1196 1605 1241 1641 79
1270 1618 1377 1652 quare
1402 1605 1524 1652 reliyio
1547 1618 1609 1652 pe-

197 1666 299 1700 dibus
325 1665 478 1700 subiecta
503 1667 655 1700 vicissim
685 1665 882 1712 Opteritur,
924 1664 969 1699 ΙΙΙ
996 1661 1129 1710 431132
1163 1666 1257 1711 quod
1279 1678 1388 1711 yenus
1416 1666 1455 1699 in
1481 1667 1610 1700 somnis

198 1725 259 1769 (im
297 1722 463 1771 Traume)
501 1727 610 1773 sopiti
646 1725 708 1761 ubi
746 1726 916 1760 ceruimus
955 1725 1023 1760 alte
1060 1724 1240 1760 Exhalare
1278 1737 1441 1771 vaporem
1480 1725 1610 1760 altaria

187 1785 357 1832 ferreque
372 1785 534 1831 fumum,
576 1784 621 1820 IV
651 1782 809 1831 1991200
840 1785 924 1819 haec
945 1791 1074 1831 puncto
1106 1791 1293 1819 cernuntur
1319 1785 1421 1830 lapsa
1447 1785 1519 1819 diei
1545 1785 1611 1819 Per

197 1852 306 1880 totum
332 1844 421 1880 caeli
445 1846 599 1892 «spatium
626 1844 821 1891 diffundere
846 1857 933 1888 «sese,
974 1843 1019 1879 IV
1049 1843 1142 1879 1129
1174 1851 1236 1879 aut
1262 1844 1355 1891 quod
1383 1845 1420 1878 iu
1448 1843 1608 1890 ambiyuo

196 1904 337 1939 verbum
354 1905 509 1940 iaculata
527 1905 681 1951 reliquit,
710 1903 740 1938 V
754 1900 889 1950 595l96
906 1917 989 1938 nam
1007 1904 1086 1939 licet
1097 1904 1178 1938 hinc
1194 1904 1319 1938 muudi
1334 1903 1548 1950 patefactum
1565 1922 1608 1927 —

186 1964 327 2010 fontem
353 1970 482 1998 <scatere
508 1970 612 2010 atque
638 1976 817 2010 erumpere
843 1964 967 2008 lumen,
995 1962 1024 1997 V
1051 1960 1185 2010 683l84
1212 1964 1306 2010 quod
1332 1962 1410 2005 (sol)
1436 1962 1479 1997 ab
1506 1963 1610 1997 alter-

196 2031 277 2059 utra
304 2024 456 2059 detraxit
475 2029 592 2071 parte,
620 2025 760 2071 reponit
775 2023 864 2059 Eius
881 2024 920 2058 iu
946 2023 1094 2058 adversa
1120 2029 1215 2058 tanto
1241 2023 1323 2070 plue
1335 2029 1441 2070 parte
1466 2022 1608 2067 relatus,

197 2082 244 2119 III
271 2084 340 2119 661
380 2084 532 2119 volneris
564 2084 705 2118 ardenti
741 2091 779 2119 ut
808 2096 925 2118 morsu
954 2090 1092 2130 premat
1115 2084 1186 2118 icta
1218 2083 1388 2126 dolorem,
1429 2081 1474 2117 IV
1500 2078 1607 2128 40141

197 2157 274 2178 cum
308 2156 435 2191 corpu&
473 2144 579 2178 simul
610 2150 713 2190 atque
745 2145 858 2178 animi
884 2150 1014 2178 natura
1041 2149 1222 2190 perempta
1254 2142 1298 2177 Iu
1328 2155 1393 2177 sua
1424 2143 1611 2176 discessum

197 2205 355 2239 dederint
373 2204 578 2251 primordia
604 2215 760 2251 quaeque
787 2203 957 2250 (quaeque
984 2202 1118 2251 codices
1145 2206 1237 2238 recte
1262 2200 1442 2248 praebent)
1471 2203 1505 2236 et
1530 2211 1610 2247 par-

197 2262 315 2309 ticipio
343 2263 386 2297 ad
414 2262 585 2298 obiectum
611 2262 721 2298 relato
748 2262 778 2297 V
808 2263 900 2298 1123
931 2270 962 2297 et
987 2270 1100 2298 tamen
1126 2275 1143 2297 e
1168 2274 1317 2305 summo,
1351 2261 1456 2307 quasi
1469 2260 1611 2306 fulmen

199 2323 302 2357 deicit
326 2324 411 2359 ictos
439 2322 582 2358 Invidia
615 2326 649 2357 et
675 2321 690 2357 I
716 2322 762 2358 57
807 2334 916 2369 quove
955 2322 1073 2357 eadem
1102 2334 1243 2356 rursum
1274 2327 1403 2355 natura
1427 2326 1611 2367 perempta

197 2382 355 2417 reeolvat.
385 2403 431 2407 —
460 2381 528 2417 Sed
554 2381 639 2417 haec
665 2381 756 2416 ratio
783 2392 852 2417 non
880 2380 991 2416 solum
1018 2381 1054 2415 in
1083 2379 1276 2426 participiis
1305 2378 1448 2425 perfecti
1481 2379 1610 2424 passivi

198 2443 259 2477 aut
293 2440 496 2487 deponentis
530 2444 642 2485 extat,
683 2441 858 2476 invenitur
897 2440 1016 2475 eadem
1050 2449 1311 2484 nonnumquam
1342 2438 1378 2473 in
1416 2438 1610 2485 participiis

197 2499 409 2547 praesentis:
449 2499 478 2535 V
505 2501 576 2536 396
614 2502 708 2547 iynia
747 2501 838 2535 enim
871 2506 1015 2547 superat
1044 2506 1076 2533 et
1114 2498 1265 2533 lambens
1301 2499 1409 2533 multa
1445 2499 1609 2546 perussit,
