1835 2765
871 52 915 87 15

186 162 305 188 versus
330 155 628 199 componerentur.
680 150 737 186 Fit
763 152 877 186 autem
906 160 1053 196 quoque,
1079 156 1118 186 ut
1143 153 1246 197 poeta
1269 150 1372 186 verba
1399 160 1592 197 synonyma

184 212 221 247 in
247 212 332 248 duas
357 211 550 248 hexametri
575 213 692 257 partes
718 220 862 246 caesura
893 209 1022 245 divisas
1054 209 1258 254 distribuat,
1290 209 1339 245 ita
1371 210 1523 245 maxime
1554 213 1593 245 ut

185 282 236 317 ea,
263 271 409 307 alterum
436 270 471 305 in
499 269 598 304 initio
625 268 771 304 alterum
798 270 974 314 postremo
992 279 1112 304 versus
1133 268 1208 303 loco
1235 269 1348 313 posita
1373 272 1433 304 aut
1457 272 1592 304 utrum-

185 342 250 378 que
280 331 317 367 in
346 341 428 366 suae
459 328 569 375 partis
601 326 669 363 fine
700 326 884 372 collocata,
917 327 1007 363 inter
1039 338 1076 362 se
1109 326 1351 373 respondeant.
1405 326 1592 364 Declarant

184 390 275 436 quod
300 390 376 424 dico
402 397 523 423 versus
548 385 595 421 IV
613 387 684 421 916
712 387 948 421 dissolvuntur
973 388 1064 421 enim
1089 393 1162 421 tum
1187 387 1323 421 demum
1347 387 1498 423 membra
1518 389 1590 433 flu·-

183 456 325 496 untque,
359 446 389 482 II
416 446 485 480 154
510 445 571 480 sed
595 445 774 492 compleoea
800 452 916 480 meant
938 447 1029 480 inter
1053 458 1088 480 86
1114 457 1246 492 conque
1269 444 1429 492 ylobata‚
1463 445 1493 480 ΙΙ
1518 448 1588 482 648

183 514 311 543 semota
336 506 379 540 ab
405 506 534 539 nostris
559 504 660 539 rebus
686 506 907 551 eeiunccaque
933 505 1052 552 lonqe,
1085 503 1130 539 IV
1158 505 1247 540 1141
1278 511 1310 539 et
1334 510 1447 539 tamen
1471 506 1589 552 impli-

184 568 271 601 citus
296 575 432 611 quoque
456 564 570 610 possis
596 565 701 610 inque
730 565 880 610 peditus,
909 566 943 599 et
969 564 1072 599 etiam
1100 563 1136 598 in
1163 575 1194 598 v.
1214 562 1262 598 ΙΙΙ
1283 563 1378 598 1002
1405 570 1508 610 atque
1534 576 1591 598 ex-

182 624 277 671 plere
310 623 409 658 bonis
441 621 542 657 rebus
572 624 767 670 satiareque
796 635 987 670 numquam
1014 622 1196 658 verborum
1228 622 1444 657 concinnitas
1471 625 1591 668 aperta

184 686 246 718 est.
290 682 329 717 In
347 681 400 717 his
418 681 578 717 omnibus
604 681 785 717 consilium
812 685 935 728 poetae
962 685 996 718 et
1022 693 1078 717 ars
1104 681 1273 728 quaedam
1300 692 1369 717 non
1395 680 1591 727 negabitur,

183 741 242 776 sed
269 743 415 787 apparet
441 751 481 775 ea
507 751 548 775 ex
577 740 691 775 studio
717 741 852 786 poetico
879 741 1034 787 profecta
1059 752 1127 776 non
1154 741 1264 776 solum
1292 741 1484 786 elegantiae
1518 752 1590 776 ser-

183 801 256 835 vire
284 799 341 835 sed
369 800 473 835 etiam
500 799 706 844 gravitatem
735 800 925 835 sententiae
951 800 1081 835 iuvare.
1132 799 1220 835 Nam
1248 811 1324 835 cum
1352 800 1446 835 notio
1473 800 1590 846 priore

183 858 287 893 verbo
315 868 479 903 expressa
513 858 623 892 altero
650 858 818 903 repetitur
844 861 878 893 et
902 869 959 893 res
986 858 1084 903 quasi
1111 858 1154 892 ad
1181 858 1277 903 prius
1305 858 1506 893 vocabulum
1533 870 1588 894 re-

182 916 248 961 dit,
277 917 411 951 animus
439 916 567 951 diutius
593 916 629 951 in
656 916 775 951 eadem
802 916 1011 961 cogitatione
1036 914 1197 960 defigitur
1224 919 1258 951 et
1288 917 1421 951 numeri
1449 917 1588 951 concin-

182 976 290 1011 nitate
320 975 484 1010 attentior
515 974 554 1009 fit
586 978 621 1009 et
653 975 813 1010 allicitur.
841 997 889 1003 --
915 974 1045 1010 Tamen
1079 975 1108 1010 si
1143 974 1221 1010 illos
1257 975 1366 1020 locos,
1400 976 1457 1011 ubi
1483 976 1588 1011 verba

182 1045 373 1081 synonyma
398 1035 433 1068 in
460 1032 527 1067 fine
548 1044 667 1068 versus
687 1033 848 1079 copulata
866 1033 1035 1078 videmus,
1062 1033 1333 1077 consideramus,
1359 1044 1427 1068 non
1453 1034 1489 1068 in
1516 1045 1588 1069 om-

180 1094 282 1130 nibus
315 1097 375 1129 aut
408 1093 599 1138 elegantiae
632 1097 692 1128 aut
721 1093 903 1139 gravitatis
931 1092 1109 1129 cuiusdam
1136 1093 1306 1129 rationem
1335 1092 1487 1129 habitam
1515 1104 1589 1129 esse

181 1157 344 1199 apparet,
376 1153 435 1187 sed
462 1153 521 1187 vix
555 1152 649 1187 aliud
684 1153 765 1198 quid
793 1153 861 1188 dici
888 1153 1017 1198 poterit
1051 1153 1119 1187 nisi
1155 1156 1292 1198 poetam
1322 1152 1502 1187 verborum
1529 1153 1590 1188 illa

179 1212 418 1247 coniunctione
447 1222 581 1247 versum
615 1211 755 1257 plenum
790 1212 903 1247 facere
931 1211 1080 1247 voluisse
1107 1211 1227 1247 videri.
1280 1211 1374 1246 Haec
1400 1212 1497 1257 quasi
1525 1223 1588 1247 nu-

180 1271 266 1305 meri
292 1270 545 1317 complementa
571 1271 660 1315 quod
688 1271 908 1316 insequentes
935 1274 1069 1317 poetae,
1099 1282 1165 1316 quo
1184 1271 1368 1316 perfectior
1386 1282 1442 1306 ars
1469 1281 1585 1306 eorum

179 1332 270 1373 erat,
298 1329 408 1373 magis
435 1330 627 1373 evitarunt,
654 1328 836 1364 Lucretius
863 1329 999 1374 quidem
1029 1331 1093 1364 hac
1119 1330 1301 1365 verborum
1329 1329 1588 1373 cognominato-

179 1399 253 1423 rum
282 1388 427 1433 ratione,
456 1399 542 1433 quae
569 1388 699 1434 optime
724 1388 883 1432 congruit
909 1399 986 1423 cum
1015 1388 1187 1424 rhetorica
1206 1388 1266 1424 illa
1284 1393 1406 1434 poetae
1431 1388 1587 1424 ubertate

179 1447 315 1482 dicendi
334 1459 401 1492 qua
418 1447 567 1491 excellit,
594 1447 771 1482 commode
792 1459 873 1482 usus
900 1450 964 1491 est,
991 1451 1030 1482 ut
1055 1459 1238 1482 numerum
1267 1447 1430 1493 expleret.
1484 1447 1588 1483 Nulla

179 1506 270 1541 enim
297 1517 377 1541 vere
403 1506 540 1541 videtur
571 1505 639 1540 alia
673 1516 777 1541 causa
807 1509 925 1541 extare
957 1505 1084 1541 talibus
1115 1506 1217 1551 locis,
1250 1506 1361 1552 qualis
1389 1509 1442 1541 est
1467 1518 1587 1542 versus

179 1565 283 1600 1442
302 1567 367 1600 erit
383 1572 422 1600 ut
441 1567 582 1612 possint
601 1567 639 1599 in
665 1578 702 1600 eo
728 1578 782 1600 ν68
809 1578 879 1600 6886
901 1567 1055 1612 gum-ique,
1083 1576 1164 1600 nam
1191 1566 1220 1600 si
1248 1576 1302 1601 res
1329 1565 1364 1600 in
1392 1576 1432 1600 eo
1459 1576 1586 1609 gerun-

179 1626 251 1668 tur,
278 1634 336 1659 eas
363 1623 410 1659 ibi
437 1635 511 1659 esse
538 1634 599 1670 per
630 1635 666 1659 se
699 1626 860 1670 apparet,
892 1626 926 1658 et
956 1623 1047 1658 idem
1080 1624 1267 1658 sentiemus
1299 1623 1341 1658 de
1375 1623 1467 1658 hisce
1498 1635 1586 1669 quae

178 1685 259 1717 sunt
284 1682 429 1718 similia:
458 1682 487 1717 V
509 1680 640 1728 139l40
664 1683 726 1718 ubi
751 1696 821 1718 6886
847 1691 878 1718 et
903 1695 1049 1718 crescere
1072 1685 1185 1730 possit
1203 1682 1367 1719 Seorsum
1384 1684 1505 1718 anima
1531 1691 1584 1719 at-

179 1752 244 1786 que
269 1742 406 1775 animus
437 1743 471 1774 et
496 1740 634 1775 inverso
661 1740 781 1775 ordine
817 1744 919 1775 antea
954 1741 990 1774 in
1016 1752 1047 1774 v.
1075 1742 1139 1775 131
1175 1742 1237 1775 ubi
1262 1742 1431 1786 quicquid
1457 1749 1585 1775 crescat

177 1806 208 1834 et
239 1801 339 1844 insit,
372 1798 494 1845 quibus
529 1799 565 1834 in
600 1802 697 1846 parte
728 1798 808 1835 libri
834 1798 880 1835 111
906 1798 985 1835 huic
1015 1798 1088 1834 loco
1126 1798 1303 1834 simillima
1335 1809 1355 1834 a
1386 1809 1487 1834 versu
1515 1799 1584 1834 782

178 1868 285 1902 usque
311 1858 353 1892 ad
381 1869 516 1892 versum
548 1859 616 1893 795
644 1859 777 1893 accedit
802 1859 907 1894 etiam
934 1859 970 1893 in
989 1871 1020 1893 v.
1042 1860 1112 1895 795
1130 1860 1259 1894 durare
1278 1860 1426 1905 qenique
1444 1858 1585 1904 ὑστέρου

177 1918 349 1962 προτέρου
375 1915 571 1962 exemplum
597 1916 831 1951 manifestum.
874 1916 1038 1952 Eiusdem
1067 1920 1148 1951 sunt
1168 1917 1304 1962 generis
1330 1919 1454 1952 sentire
1478 1929 1584 1963 neque

176 1989 246 2011 6886
272 1987 358 2022 quae
384 1975 549 2011 claudunt
574 1986 693 2011 versus
720 1975 800 2010 libri
827 1975 873 2010 ΙΙΙ
892 1976 965 2011 550
983 1979 1018 2011 et
1035 1977 1123 2021 6313
1151 1988 1231 2012 nam
1259 1987 1375 2012 carere
1401 1987 1584 2022 possumus

175 2033 347 2069 infinitivo
373 2047 458 2079 6886,
490 2044 698 2079 quamquam
725 2034 760 2067 in
793 2034 909 2079 priore
937 2045 979 2068 ex
1006 2034 1139 2069 duobus
1166 2035 1235 2069 illis
1261 2035 1344 2069 locis
1371 2035 1414 2068 ad
1440 2035 1582 2069 verbum

176 2107 245 2129 6886
271 2093 422 2141 pertinet
447 2093 655 2129 contrarium
685 2092 858 2139 sequentis
885 2093 1055 2128 enuntiati
1082 2094 1143 2129 eed
1173 2100 1286 2128 tamen
1311 2095 1350 2128 in
1373 2105 1489 2141 parvo
1517 2093 1584 2128 lin-

175 2162 301 2189 cuntur
326 2162 477 2201 tempore
502 2154 593 2196 tabi3
620 2153 760 2188 eandem
789 2153 994 2188 sententiam
1023 2157 1124 2198 poeta
1152 2154 1294 2189 mutatis
1320 2153 1433 2188 verbis
1461 2157 1496 2189 et
1522 2165 1584 2200 ap-

175 2212 264 2248 tiore
290 2223 407 2248 eorum
435 2212 554 2248 ordine
581 2212 757 2259 exprimit,
784 2222 859 2246 cum
887 2211 922 2245 in
941 2221 1043 2245 versu
1064 2213 1137 2248 560
1155 2212 1238 2247 dicit
1263 2213 1393 2246 durare
1419 2219 1449 2247 et
1474 2215 1584 2248 sensi-

175 2273 238 2307 bus
263 2274 324 2307 uti.

272 2330 406 2365 Deinde
453 2331 674 2376 quamobrem
718 2333 880 2377 putamus
919 2329 1118 2364 Lucretium
1163 2330 1295 2364 duobus
1332 2331 1510 2366 vocabulis
1548 2332 1584 2366 in

175 2401 206 2423 v.
224 2389 271 2425 III
292 2390 362 2426 712
388 2399 489 2425 usum
517 2400 592 2426 esse
618 2390 713 2437 quod
737 2391 770 2425 si
795 2390 969 2425 lincuntur
994 2395 1025 2423 et
1049 2390 1181 2433 insunt,
1208 2398 1285 2423 cum
1308 2388 1345 2424 in
1363 2400 1466 2425 versu
1484 2401 1583 2436 prae-

175 2448 309 2483 cedenti
336 2450 540 2495 linquontur
565 2449 675 2484 solum
709 2449 812 2494 idque
838 2448 983 2484 conexui
1015 2459 1156 2493 prorsus
1184 2449 1431 2485 convenienter
1456 2461 1584 2496 ponere
