1835 2765
869 39 916 73 47

197 139 249 170 est
273 147 328 171 res
354 137 476 172 ceteris
503 137 599 172 locis.
650 136 755 171 Cuius
781 136 945 171 contrarii
971 135 1175 181 significatio
1201 148 1277 171 cum
1298 137 1332 172 in
1353 136 1404 172 his
1422 136 1590 183 exemplis

197 195 292 240 quasi
309 196 543 242 supprimatur
561 199 595 230 et
612 195 842 239 intellegatur,
858 195 934 229 aliis
952 194 1036 229 locis
1054 195 1166 241 posita
1184 199 1218 229 et
1231 196 1413 241 perspicua
1432 200 1494 230 est.
1524 195 1590 231 Ve-

195 253 247 288 lut
262 253 431 289 Homerus
448 255 483 289 in
502 254 626 289 Iliados
643 254 730 289 libro
744 253 786 299 V,
806 265 839 288 v.
854 254 925 288 759
944 252 1041 288 dicit:
1069 253 1155 299 μὰψ
1172 252 1263 297 οἷτὰρ
1282 252 1323 289 οὗ
1340 254 1428 290 κατὰ
1445 255 1590 301 κόσμον,

197 312 285 357 quod
318 312 487 348 efficacius
521 313 686 359 asyndeto
718 312 911 347 efferretur:
943 311 1029 358 μάψ
1059 310 1101 347 οὗ
1125 311 1214 346 κατὰ
1239 311 1387 357 κόσμον,
1420 313 1590 349 efficacius

196 375 287 407 certe
318 383 420 417 quam
452 373 499 407 ita
531 376 569 406 ut
599 372 753 406 membra
785 370 955 417 particula
985 370 1181 416 copulativa
1210 371 1477 415 coniungantur3
1509 384 1589 408 nam

196 431 246 465 sic
277 442 411 476 quoque
444 442 484 465 ea
516 441 602 474 quae
633 429 835 464 affirmando
861 433 896 464 et
921 440 1007 474 quae
1033 429 1190 473 negando
1217 429 1359 463 eandem
1387 432 1589 465 sententiam

196 490 392 536 exprimant
424 488 522 532 volgo
552 488 801 523 consociantur.
866 488 970 534 Apud
1001 487 1115 534 ipsum
1151 487 1348 523 Lucretium
1383 488 1590 524 invenimus:

197 561 285 595 quae
309 550 400 584 videt
424 560 530 595 aeque
555 548 629 583 Nec
652 550 766 583 minus
792 555 894 595 atque
920 548 1014 583 oculi
1037 547 1097 590 (IV
1117 548 1213 592 753),
1240 554 1321 582 sunt
1343 549 1455 594 igitur
1479 549 1593 583 solida

196 622 237 643 ac
266 610 339 643 sine
367 609 469 642 inani
498 620 646 654 corpora
674 609 795 654 prima
826 606 854 648 (Ι
871 607 960 651 540,
986 604 1073 652 538)
1104 609 1137 641 si
1166 607 1252 641 bello
1283 608 1435 641 animost
1464 614 1496 641 et
1523 620 1593 641 non

197 669 318 703 odiosa
353 664 421 712 (IV
453 667 561 710 1182,
592 666 746 701 conferas
776 666 880 701 etiam
912 665 1071 711 exempla
1102 676 1180 711 pag.
1208 666 1255 701 20
1287 664 1430 710 allata),
1469 666 1593 711 quibus

197 726 303 761 addas
336 736 422 771 quae
451 725 552 760 huius
584 736 666 760 usus
696 724 855 769 exempla
880 724 1097 759 contulerunt
1123 724 1295 760 Vahlenus
1322 725 1366 759 ad
1392 724 1593 759 Aristotelis

196 785 238 820 de
264 787 338 820 arte
364 784 496 831 poetica
521 783 646 818 librum
674 794 707 828 p.
737 783 842 826 85s86
869 784 904 817 et
928 781 1119 817 Lobeckius
1146 783 1190 818 ad
1217 783 1333 818 Aiacis
1351 794 1489 818 versum
1509 784 1591 819 289.

294 843 365 879 Iam
392 843 481 889 quod
507 843 543 878 in
571 843 690 877 horum
717 852 802 887 quos
827 841 929 876 modo
957 841 1057 876 attuli
1082 841 1232 877 locorum
1261 853 1402 877 numero
1433 842 1590 878 nonnulli

197 906 306 947 erant,
332 902 390 937 ubi
416 902 564 936 nominis
590 904 714 935 natura
740 904 774 935 et
799 900 967 935 adiectivo
994 899 1181 934 affirmanti
1207 904 1240 934 et
1266 901 1471 936 substantivi
1496 901 1591 936 abla-

196 962 266 998 tivo
292 961 430 1007 neganti
458 959 669 1005 significatur
695 958 788 995 velut
804 958 888 995 illud
909 958 1143 1004 Vergilianum
1163 972 1288 994 vacuos
1308 979 1354 983 —
1377 962 1450 995 sine
1466 962 1593 1008 remiye

194 1029 315 1069 portus
346 1025 406 1056 aut
437 1019 640 1055 Ovidianum
672 1021 745 1054 sine
765 1019 961 1065 frondibus
991 1019 1098 1053 arbor
1122 1020 1218 1053 nuda
1243 1020 1349 1064 riqet,
1382 1023 1476 1054 extat
1502 1020 1592 1065 apud

195 1080 392 1116 Lucretium
425 1078 517 1114 aliud
547 1078 650 1123 idque
683 1078 768 1113 satis
800 1077 919 1113 crebro
951 1080 1154 1123 usurpatum
1190 1077 1348 1123 asyndeti
1381 1088 1488 1121 genus
1514 1089 1591 1113 cum

196 1139 263 1174 illis
295 1139 378 1173 locis
409 1137 660 1183 quodammodo
691 1137 984 1182 comparandum,
1021 1136 1079 1171 ubi
1114 1136 1321 1171 adiectivum
1356 1140 1391 1171 et
1422 1136 1593 1172 ablativus

194 1197 380 1243 qualitatis,
408 1201 591 1242 utrumque
618 1195 807 1240 affirmans,
834 1194 1032 1237 ἀσυνδέτως
1058 1196 1249 1241 composita
1273 1195 1416 1231 eandem
1447 1196 1594 1231 nominis

197 1258 266 1291 vim
292 1257 343 1292 bis
369 1256 577 1302 exprimunt.
629 1254 697 1289 Sed
724 1254 804 1300 quid
832 1254 978 1289 sentiam
1007 1254 1130 1289 melius
1149 1253 1309 1299 exempla
1327 1255 1485 1300 aperient
1502 1254 1596 1289 velut

197 1315 257 1351 illa
277 1317 413 1362 fluvido
446 1328 533 1362 quae
566 1327 709 1362 corpore
740 1314 877 1360 liquida
903 1320 1061 1349 constant
1085 1312 1115 1348 ΙΙ
1133 1313 1223 1357 452,
1255 1314 1457 1361 corporibus
1489 1314 1594 1361 liqui-

198 1376 252 1409 dis
282 1382 362 1409 sunt
392 1376 508 1409 omnia
535 1386 628 1420 pura
658 1374 778 1408 relicta
807 1372 834 1406 V
853 1373 943 1416 499,
966 1374 1071 1419 flexis
1097 1373 1320 1407 mucronibus
1345 1386 1436 1407 unca
1461 1373 1493 1407 II
1511 1374 1595 1418 427,

198 1434 307 1469 hebeti
329 1446 489 1468 mucrone
513 1439 663 1467 retusum
688 1431 717 1466 V
737 1432 849 1475 1272,
876 1438 1008 1466 tenuem
1034 1438 1190 1466 constare
1215 1433 1358 1467 minutis
1383 1431 1594 1479 Corporibus

198 1492 246 1528 III
262 1493 334 1527 425
352 1492 394 1527 cf.
414 1491 444 1526 II
461 1488 593 1537 384s85
620 1492 731 1525 dicere
758 1492 847 1525 enim
859 1492 975 1537 possis
993 1491 1167 1525 caelestem
1183 1490 1352 1536 fulminis
1370 1493 1484 1537 iqnem
1502 1490 1593 1526 Sub-

199 1552 292 1587 tilem
322 1552 433 1598 magis
464 1562 481 1585 e
506 1551 630 1596 parvis
662 1555 817 1583 constare
838 1549 985 1595 fiquris‚
1019 1555 1137 1583 ventus
1168 1549 1288 1583 subtili
1317 1561 1462 1596 corpore
1487 1552 1594 1584 tenvis

199 1609 245 1645 IV
263 1610 333 1645 898
361 1609 416 1652 (cf.
438 1608 483 1643 VI
501 1605 632 1654 225s26
656 1608 812 1642 subtilem
831 1627 873 1630 —
892 1609 1004 1653 iynem
1023 1628 1069 1634 —
1086 1608 1227 1641 minutis
1244 1607 1492 1653 mobilibusque
1509 1607 1593 1643 Cor-

195 1668 356 1716 poribus)
389 1667 443 1702 cui
472 1674 569 1702 vento
602 1666 722 1701 subtili
751 1678 894 1713 corpore
925 1667 1016 1700 tenvi
1040 1665 1074 1699 in
1101 1676 1132 1699 v.
1161 1665 1231 1700 899
1258 1666 1442 1711 respondet
1465 1679 1594 1713 mayna

199 1740 324 1775 mayno
358 1727 532 1762 molimine
556 1728 672 1770 navis,
706 1726 760 1760 ein
789 1724 897 1760 Schiff
920 1735 986 1759 von
1012 1723 1226 1769 gewaltigem
1252 1723 1324 1759 Bau
1350 1725 1392 1760 cf.
1419 1726 1594 1761 tabularia

199 1788 374 1823 molimine
398 1793 493 1821 vasto
520 1785 610 1831 apud
638 1784 798 1820 Ovidium
825 1785 861 1819 in
889 1784 1026 1819 Metam.
1043 1784 1130 1819 libro
1148 1783 1222 1828 XV,
1241 1795 1272 1818 v.
1292 1785 1378 1826 809;
1405 1788 1595 1830 sequuntur

201 1845 311 1880 V173
332 1845 477 1891 placida
503 1856 580 1878 cum
600 1855 689 1889 pace
717 1845 860 1889 quietos,
888 1842 934 1878 VI
954 1844 1035 1887 722,
1057 1843 1146 1885 1107
1174 1844 1278 1889 niqra
1301 1844 1415 1877 virum
1435 1851 1593 1890 percocto

201 1904 315 1939 saecla
339 1904 462 1947 colore,
490 1902 518 1937 V
540 1902 631 1937 1072
658 1914 765 1947 equus
781 1903 927 1948 florenti
950 1909 1059 1937 aetate
1083 1904 1262 1945 iuvencus,
1297 1901 1443 1947 denique
1467 1901 1500 1936 II
1522 1904 1589 1937 421

192 1963 306 2008 foeda
330 1963 441 2009 specie
462 1961 535 1995 diri
551 1967 734 2006 turpesque
751 1961 912 1994 videntur
929 1970 947 1994 e
965 1959 1143 1994 verisimili
1161 1959 1371 1995 Lachmanni
1390 1960 1593 1995 coniectura.

203 2020 355 2064 Quorum
381 2019 614 2065 exemplorum
644 2009 779 2063 agmini}
805 2022 873 2053 tam
898 2017 1090 2054 luculenter
1108 2018 1219 2064 qualis
1237 2018 1337 2054 huius
1355 2018 1488 2063 generis
1506 2019 1594 2055 ratio

204 2081 250 2116 sit
275 2079 482 2123 ostenditur,
508 2082 546 2113 ut
571 2077 669 2124 plura
695 2077 737 2112 de
763 2077 826 2112 hac
851 2088 888 2111 re
914 2088 1086 2122 exponere
1112 2077 1365 2123 supersedeam.
1417 2076 1530 2113 Pauca
1556 2090 1597 2114 ea

205 2150 292 2186 quae
317 2140 450 2175 restant
473 2137 527 2172 his
559 2137 675 2172 statim
704 2135 830 2180 adicio,
861 2135 919 2170 ubi
945 2135 1048 2170 simul
1074 2135 1313 2172 alliterationis
1340 2136 1471 2181 species
1497 2136 1596 2172 nobis

204 2198 367 2240 occurrit3
395 2199 475 2232 sunt
493 2199 629 2243 praeter
645 2195 741 2231 illam
758 2209 921 2243 maynam
936 2208 1062 2242 maqno
1080 2196 1255 2231 molimine
1271 2208 1409 2231 navem.-
1428 2207 1459 2230 v.
1478 2195 1511 2231 Π
1527 2197 1595 2234 767

205 2259 328 2301 (mare)
354 2258 498 2293 vertitur
521 2258 560 2291 in
584 2268 688 2291 canos
714 2257 875 2291 candenti
898 2266 1067 2290 mammore
1083 2256 1213 2301 fluctus
1235 2254 1278 2289 cf.
1296 2254 1328 2289 II
1346 2255 1417 2290 803
1436 2256 1532 2292 claro
1552 2276 1597 2280 —

204 2316 314 2353 rubra
335 2328 489 2365 pyropo,
516 2326 549 2350 V.
569 2314 615 2350 IV
633 2315 704 2351 830
724 2327 889 2363 perversa
909 2320 1138 2361 praepostera
1158 2320 1238 2349 sunt
1253 2314 1399 2358 ratione,
1428 2325 1458 2349 v.
1479 2313 1509 2349 V
1526 2315 1597 2351 447

206 2382 239 2409 et
262 2387 395 2411 sorsum
420 2387 516 2411 mare
540 2381 591 2410 uti
615 2381 739 2410 secreto
764 2386 881 2409 umore
900 2379 1050 2420 pateret,
1085 2383 1150 2418 quo
1177 2376 1351 2419 postremo
1378 2373 1452 2409 loco
1478 2374 1599 2410 adver-

205 2432 299 2470 bium
330 2445 393 2480 pro
425 2433 592 2471 adiectivo
623 2433 787 2471 habemus
820 2435 854 2469 et
885 2431 1094 2479 respondent
1121 2431 1159 2470 in
1184 2443 1286 2468 versu
1313 2433 1471 2479 sequenti
1496 2433 1599 2469 verba
