1835 2765
885 36 929 72 81

203 133 295 181 apud
326 137 457 171 ceteros
484 138 620 181 poetas,
652 145 719 181 quo
745 135 890 181 quisque
917 133 1051 170 dicendi
1079 133 1270 178 elegantiae
1296 133 1407 178 magis
1434 132 1607 176 studebat,

200 193 286 230 tales
313 194 478 230 orationis
504 194 644 230 delicias
671 197 725 230 sat
751 194 877 230 multas
905 193 1063 229 inveniri.
1115 192 1229 228 Pauca
1261 192 1316 228 hic
1342 191 1496 238 afferam,
1518 192 1607 238 'qui-

203 254 264 290 bus
290 253 497 291 Lucretiana
522 254 583 290 illa
608 254 767 301 exempla
793 256 985 299 augeantur
1011 256 1045 289 et
1070 252 1286 288 illustrentur
1313 255 1416 299 atque
1442 252 1608 299 incipiam

203 325 223 349 a
249 313 494 350 Ciceronianae
521 324 663 361 poeseos
690 313 879 361 specimine
906 312 1054 359 quodam
1083 323 1125 347 ex
1152 311 1425 347 Tusculanarum
1452 311 1607 358 disputa-

204 373 335 408 tionum
367 373 455 409 libro
491 373 615 420 altero,
649 373 706 409 ubi
739 372 859 407 Cicero
892 372 927 406 in
959 372 1072 418 capite
1103 373 1223 405 octavo
1253 373 1287 405 et
1312 382 1400 405 nono
1428 370 1607 417 Sophoclis

201 431 462 468 Trachiniarum
482 437 613 479 partem
633 432 712 468 inde
731 442 751 467 a
769 424 870 467 versu
892 430 984 467 1046
1002 441 1110 476 usque
1129 430 1171 465 ad
1191 440 1327 466 versum
1346 430 1438 465 1102
1461 429 1607 465 senariis

201 490 334 527 Latinis
361 492 436 538 ipse
461 491 622 536 reddidit,
650 502 792 538 quorum
820 491 856 526 in
881 490 1042 535 secunde,
1070 501 1146 526 cum
1167 493 1268 536 poeta
1288 488 1440 525 Graecus
1460 489 1608 536 simplici

202 551 328 586 aoristo
368 550 554 598 μοχθήσας
585 562 666 587 usus
699 554 805 597 esset,
841 549 959 586 Cicero
992 550 1124 586 duobus
1159 549 1272 585 verbis
1305 562 1395 597 quae
1428 550 1609 584 exanclata

196 611 331 657 pertuli
355 610 523 645 malorum
552 610 774 646 acerbitatem
802 610 835 645 vi
861 610 1020 655 graviore
1048 610 1145 645 auxit
1162 609 1417 655 inculcavitque
1437 612 1471 644 et
1490 612 1609 655 postea

204 669 239 703 in
273 680 375 704 versu
407 669 538 704 decimo
569 681 636 704 non
666 680 771 704 unum
799 669 940 705 verbum
970 669 1188 716 absumptum
1215 676 1263 703 est
1288 668 1341 703 vel
1369 669 1523 703 extabuit
1549 679 1609 714 po-

205 738 287 762 nere
321 727 405 763 satis
437 727 557 763 habuit
587 728 645 762 sed
673 727 780 763 altero
808 730 910 773 atque
938 727 1045 763 altero
1072 728 1185 773 posito
1211 730 1320 762 totum
1350 727 1508 762 Herculis
1534 738 1609 762 cor-

158 827 161 829 ,
203 797 267 831 pus
295 786 391 831 quasi
420 797 561 832 prorsus
588 786 791 820 exhaustum
820 786 971 831 graviter
997 786 1165 832 depinxit,
1194 797 1302 831 neque
1331 786 1418 821 hanc
1437 787 1606 822 rationem

202 843 359 879 Ciceroni
390 845 580 891 placuissse
615 844 834 889 mirabimur,
869 845 965 879 cuius
993 845 1127 879 animus
1155 856 1255 890 quam
1284 856 1476 891 propensus
1503 845 1609 880 fuerit

202 903 245 939 ad
272 903 359 939 tales
386 906 478 939 artes
506 903 695 939 rhetoricas
722 914 821 938 nemo
848 903 968 938 nescit.
1013 902 1167 938 Similem
1188 906 1300 938 autem
1320 904 1511 939 sententiae
1529 915 1608 949 gra-

202 964 344 999 vitatem
376 974 453 999 cum
487 963 717 998 alliteratione
749 963 965 998 coniunctam
1002 962 1195 998 invenimus
1230 963 1333 998 etiam
1361 963 1451 1010 apud
1479 963 1607 999 Teren-

201 1023 287 1058 tium
315 1023 350 1058 in
378 1034 409 1058 v.
439 1024 479 1058 11
510 1022 643 1069 prologi
671 1021 907 1068 Adelphorum
934 1022 1075 1057 verbum
1102 1023 1143 1057 de
1168 1022 1269 1057 verbo
1296 1035 1494 1069 expressum
1512 1030 1608 1058 emtu-

204 1083 259 1127 lit,
298 1092 443 1127 quocum
471 1092 649 1128 compares
676 1081 851 1116 Ciceronis
879 1081 984 1116 verba
1010 1082 1046 1116 in
1073 1081 1171 1116 Tusc.
1201 1080 1258 1116 III.
1290 1082 1344 1125 19,
1371 1082 1418 1116 44
1445 1095 1533 1129 quae
1553 1095 1609 1117 ex-

198 1153 323 1187 preeea
350 1142 397 1175 ad
421 1141 561 1175 verbu-m
586 1142 672 1175 dixi.
726 1139 792 1175 Sed
820 1140 861 1175 de
888 1140 940 1174 his
968 1151 1052 1185 quos
1079 1139 1182 1175 attuli
1209 1139 1384 1175 Ciceronis
1412 1143 1446 1175 et
1471 1140 1610 1175 Terenti

201 1199 285 1234 locis
316 1200 493 1234 occasione
525 1199 606 1233 data
638 1201 736 1233 acute
771 1199 841 1243 egit
867 1198 1041 1233 Vahlenus
1073 1199 1126 1233 vir
1152 1198 1365 1233 clarissimus
1393 1199 1427 1233 in
1455 1198 1611 1245 disputa-

202 1258 294 1293 tione
328 1257 370 1292 de
401 1257 574 1292 nonnullis
606 1261 759 1292 veterum
794 1260 973 1302 poetarum
1006 1257 1239 1292 Romanorum
1275 1257 1430 1293 versibus
1464 1258 1513 1302 (in
1539 1257 1609 1292 ind.

202 1315 280 1351 lect.
312 1313 466 1361 1879s80
492 1327 525 1362 p.
554 1313 626 1362 7s'8)
654 1326 695 1350 ex
723 1326 789 1361 qua
815 1315 875 1350 illa
902 1316 1081 1362 aptissime
1109 1315 1150 1351 ad
1171 1316 1258 1351 hanc
1276 1316 1513 1361 quaestionem
1534 1327 1611 1362 per-

202 1375 349 1411 tinentia
384 1374 594 1421 deprompsi.
651 1370 721 1409 la'm
751 1374 827 1409 aliis
853 1374 936 1409 locis
964 1385 1041 1410 cum
1068 1375 1194 1410 factum
1223 1375 1407 1422 participio
1435 1375 1609 1411 indicatur

203 1434 293 1480 quod
325 1434 428 1469 verbo
460 1433 556 1469 finito
591 1432 754 1478 efficitur,
788 1433 851 1468 hoc
884 1434 1057 1480 participii
1090 1446 1154 1469 usu
1187 1434 1290 1470 etiam
1324 1434 1513 1470 celeritatis
1547 1438 1607 1470 aut

203 1493 337 1528 subitae
363 1493 507 1528 actionis
534 1503 673 1536 gravem
702 1492 985 1536 significationem
1006 1494 1173 1528 contineri
1200 1505 1301 1539 posse
1320 1497 1477 1540 apparet,
1503 1505 1607 1540 saepe

204 1555 320 1586 tamen
347 1552 405 1586 vix
432 1551 524 1586 aliud
552 1551 732 1597 quicquam
757 1551 804 1586 ibi
824 1562 923 1597 quarn
945 1552 1068 1597 poetici
1089 1552 1212 1587 coloris
1232 1556 1266 1587 et
1283 1552 1474 1597 elegantiae
1495 1553 1610 1588 cuius-

204 1611 281 1646 dam
309 1611 431 1646 faciem
458 1611 673 1655 formamque
700 1610 945 1656 deprehendes.
990 1609 1050 1645 Eis
1078 1622 1164 1656 quae
1190 1612 1257 1646 iam
1286 1612 1414 1658 protuli
1438 1611 1608 1659 exemplis

205 1670 311 1704 addas
345 1681 388 1704 ex
414 1668 590 1704 Ciceronis
616 1669 705 1704 libro
732 1669 773 1703 de
801 1669 975 1715 republica
1002 1669 1127 1714 altero,
1159 1681 1234 1716 cap.
1263 1672 1298 1715 5,
1329 1672 1372 1706 10
1397 1684 1452 1706 res
1479 1691 1523 1696 —
1551 1673 1607 1706 in-

203 1735 315 1763 vectas
342 1730 512 1774 acciperet
536 1741 577 1762 ex
603 1735 707 1772 terra,
735 1739 776 1762 ex
801 1727 902 1763 Ovidi
921 1727 1057 1763 Metam.
1079 1728 1154 1763 VIII
1175 1729 1243 1764 718
1264 1742 1281 1764 o
1300 1731 1462 1774 conium,
1492 1731 1609 1765 diver-e

203 1787 323 1831 simul,
357 1780 461 1822 simal
490 1787 608 1821 abdita
641 1789 725 1822 texit
759 1787 832 1821 Ora
854 1787 998 1832 fruteae,
1032 1787 1077 1822 III
1107 1787 1151 1823 76
1186 1790 1325 1823 vitiatas
1351 1790 1465 1837 inficit
1490 1802 1607 1833 auras,

203 1846 249 1881 IV
275 1846 344 1881 802
376 1848 537 1881 attonitos
571 1865 614 1869 -—
647 1853 772 1881 terreat
804 1847 931 1891 hostee,
965 1846 1013 1881 XI
1039 1848 1109 1882 215
1143 1849 1239 1894 capit
1264 1855 1447 1895 superatae
1473 1850 1610 1883 moenia

208 1905 346 1949 Troiae,
372 1904 420 1939 XI
446 1906 493 1940 43
519 1907 558 1939 in
583 1912 699 1939 ventos
725 1907 844 1939 anima
870 1907 1030 1940 exhalata
1056 1909 1205 1950 recessit,
1234 1918 1274 1941 ex
1302 1906 1437 1941 Tibullo
1456 1907 1480 1941 Ι.
1502 1908 1534 1951 8,
1565 1908 1609 1941 14

204 1977 357 2010 ausaque
388 1977 588 2011 conpressos
615 1965 746 2011 colliqit
771 1971 851 1999 arta
875 1966 999 2011 pedes,
1035 1964 1060 2000 I.
1081 1967 1114 2011 6,
1134 1963 1242 2011 67s68
1273 1968 1358 2001 vitta
1385 1967 1509 2013 liyatos
1536 1966 1608 2001 Im-

198 2025 323 2070 pediat
356 2025 483 2066 crines,
519 2035 560 2058 ex
587 2020 725 2069 Vergili]
751 2023 904 2058 Aeneide
934 2023 949 2058 Ι
976 2025 1022 2059 69
1048 2025 1309 2071 submersasque
1335 2025 1439 2060 obrue
1461 2027 1608 2072 puppis,

204 2082 250 2118 ΙΙΙ
269 2083 338 2119 267
367 2095 591 2130 excussosque
621 2082 714 2117 iubet
739 2082 860 2117 taxare
884 2083 1057 2127 rudentis,
1091 2082 1227 2119 111388
1254 2091 1289 2118 tu
1316 2085 1456 2119 condita
1482 2083 1608 2129 (signa)

208 2150 317 2178 mente
343 2149 450 2178 teneto
478 2153 623 2188 quocum
651 2152 830 2187 compares
857 2141 980 2177 Catull.
1008 2153 1035 2177 c.
1065 2143 1124 2187 64,
1152 2143 1221 2178 208
1249 2143 1352 2178 oblito
1380 2144 1512 2179 dimisit
1525 2157 1610 2190 pec-

205 2208 276 2236 tore
303 2208 435 2236 cuncta.

307 2260 374 2295 Sed
402 2260 485 2294 haec
511 2259 686 2294 hactenus.
739 2258 906 2294 Conficiat
931 2258 1019 2294 hanc
1044 2262 1177 2305 partem
1206 2262 1384 2305 totumque
1416 2260 1481 2295 hoc
1507 2271 1612 2307 opus-

204 2318 330 2364 culum,
357 2321 395 2355 ut
420 2318 596 2366 participii
622 2317 830 2354 abundantis
855 2318 968 2362 imago
996 2318 1087 2353 omni
1115 2329 1157 2353 ex
1177 2321 1275 2365 parte
1293 2318 1522 2365 exprimatur,
1550 2319 1612 2355 du-

204 2377 304 2424 plicis
331 2389 413 2414 usus
440 2377 736 2424 commemoratio,
764 2389 830 2424 quo
849 2377 1070 2425 participium
1095 2388 1163 2413 non
1181 2378 1277 2413 verbi
1294 2376 1385 2414 finiti
1404 2380 1610 2416 sententiam

204 2437 286 2473 item
314 2438 469 2475 continet
500 2438 561 2475 sed
588 2449 606 2474 e
633 2437 818 2475 verborum·
841 2449 972 2474 conexu
999 2437 1162 2474 abundat.
1213 2437 1287 2473 Hoc
1313 2437 1360 2475 ibi
1388 2440 1541 2486 primum
1573 2439 1612 2474 fit

1397 2497 1415 2526 6
