1835 2765
868 37 914 73 75

186 135 318 171 nomini
344 135 563 172 tribuendum
596 137 662 173 erit
695 137 745 172 ita
770 139 808 172 ut
834 136 994 172 adiectivi
1020 137 1129 172 instar
1156 137 1219 173 hoc
1245 136 1428 182 significet:
1459 143 1588 172 natura

186 192 368 243 (fortuna)
395 210 483 244 quae
501 199 617 233 omnia
632 197 814 245 ymber-nat,
844 195 1040 243 pariterque
1065 196 1292 232 iudicabimus
1312 197 1353 232 de
1379 196 1493 232 verbis
1511 207 1588 232 ver-

186 265 285 290 suum
316 254 470 303 1238s39
496 256 576 292 libri
604 256 649 292 Vl
670 256 839 305 poenibat
864 254 951 302 (eos)
970 275 1018 280 —
1035 259 1134 304 turpi
1157 264 1265 292 morte
1289 257 1450 303 malaque
1468 276 1512 281 -
1531 258 1587 291 in-

187 317 286 350 curia
315 323 480 351 mactans.
509 337 555 341 —
588 315 766 351 Postremo
794 315 849 350 hie
875 314 1038 350 afferatur
1064 327 1095 350 v.
1116 314 1161 349 VI
1190 316 1256 349 797
1283 317 1458 362 multaque
1482 328 1587 362 prae-

186 380 277 409 terea
304 375 504 422 lanquentia
537 376 689 411 membra
718 395 761 399 —
795 375 959 418 Solvunt,
995 374 1052 409 ubi
1085 385 1172 420 quae
1203 373 1255 408 vis
1282 374 1463 420 participio
1489 384 1588 420 prae-

186 433 294 468 sentis
320 435 452 469 nomini
479 434 637 480 apposito
664 433 888 479 significatur,
916 433 1035 469 eadem
1064 433 1235 468 rhetorico
1261 432 1402 468 consilio
1421 433 1518 478 quasi
1536 433 1589 468 in-

186 496 364 540 stauratur
391 492 494 528 verbo
522 492 618 528 finito
645 497 679 529 et
706 492 903 529 simillimus
930 496 982 529 est
1009 492 1088 529 huic
1113 492 1207 528 locus
1227 491 1444 537 Vergilianus
1469 491 1527 528 ille
1553 491 1589 527 in

185 552 272 588 Aen.
294 552 340 588 III
369 554 438 588 ⁶237
467 560 563 588 scuta
590 555 732 589 latentia
750 555 911 590 condunt.
955 553 1113 589 Ceterum
1141 556 1234 589 totus
1252 552 1308 588 hic
1326 552 1464 588 uberior
1482 552 1590 598 parti-

186 611 268 657 cipii
297 622 378 646 usus
406 611 596 647 rhetoricae
623 613 707 648 artis
734 613 885 647 studium
912 612 1011 647 valde
1037 612 1121 647 mihi
1150 612 1286 647 videtur
1312 611 1477 657 resipere,
1504 621 1591 656 quae

188 669 417 705 alliteratione
436 671 573 717 saepius
592 671 785 716 adiuvatur,
812 675 846 707 et
865 671 1013 707 maxime
1031 672 1194 707 nimirum
1214 671 1440 707 conveniebat
1457 672 1591 717 poetae,

187 730 245 775 qui
272 733 332 764 aut
357 730 406 765 rei
432 730 554 765 fortius
574 742 757 777 expressae
783 732 897 777 specie
923 735 983 766 aut
1001 731 1219 776 elegantioris
1245 731 1448 767 elocutionis
1467 733 1591 765 ornatu

186 789 372 834 legentium
402 792 534 825 animos
561 790 757 825 delectaret.

283 848 329 884 Ut
359 852 473 885 autem
505 850 654 885 vidimus
686 849 790 885 verba
822 860 1014 895 synonyma
1047 861 1304 895 nonnumquam
1336 851 1386 886 ita
1416 849 1589 894 coniungi,

185 912 224 943 ut
250 907 398 943 alterum
426 908 577 954 pondere
604 908 795 943 sententiae
823 908 966 943 inferius
992 909 1048 952 sit,
1076 909 1126 943 sic
1151 920 1218 943 non
1246 909 1449 944 mirabimur
1481 908 1590 954 parti-

185 967 312 1014 cipium
340 978 474 1014 quoque
501 967 634 1003 abunde
659 968 812 1003 additum
833 967 1004 1003 interdum
1025 978 1143 1013 parem
1162 967 1285 1003 habere
1304 968 1588 1013 significationem

185 1030 286 1072 atque
315 1027 454 1062 verbum
483 1026 616 1062 finitum
645 1028 705 1062 sed
732 1027 826 1062 illam
855 1028 967 1062 minus
994 1016 1146 1071 gra'viter
1173 1038 1373 1072 expressam
1392 1027 1441 1062 ita
1459 1030 1496 1062 ut
1513 1026 1589 1062 iure

184 1097 247 1120 nos
279 1096 317 1121 eo
350 1097 467 1121 carere
498 1097 598 1132 posse
631 1085 819 1121 arbitreris.
878 1085 978 1121 Tales
1012 1085 1115 1121 velim
1151 1086 1307 1120 conferas
1332 1085 1447 1129 locos,
1474 1084 1488 1120 I
1518 1085 1589 1120 438

189 1144 304 1185 (inane
328 1143 473 1191 nullam)
491 1159 562 1181 rem
579 1145 761 1193 prohibere
779 1153 882 1193 queat
896 1158 960 1193 per
977 1158 1012 1180 se
1029 1147 1179 1180 transire
1195 1152 1362 1181 ‘meantem
1387 1144 1444 1180 ubi
1462 1143 1591 1180 Bocke-

188 1205 402 1250 muellerum,
430 1216 506 1240 cum
534 1205 756 1252 participium
784 1216 859 1241 cum
888 1205 1026 1241 nomine
1052 1218 1124 1240 rem
1147 1206 1344 1250 coniungat,
1372 1203 1502 1239 nullam
1521 1215 1592 1240 me-

191 1263 312 1300 liorem
347 1265 550 1300 sententiam
586 1264 719 1300 efficere
746 1268 908 1311 apparet,
940 1268 999 1300 aut
1025 1276 1055 1300 v.
1085 1264 1113 1300 V
1140 1265 1212 1300 523
1244 1267 1304 1300 αέν
1337 1265 1458 1299 Versat
1489 1277 1593 1311 ayone

190 1326 283 1371 ‘tynis
315 1324 360 1366 (h.
389 1335 417 1358 e.
444 1322 574 1369 stellas)
602 1328 636 1358 et
662 1323 708 1358 IV
736 1324 805 1359 899
833 1321 984 1369 (ventus)
1013 1325 1122 1359 trudit
1147 1336 1252 1369 aye-ns
1280 1336 1441 1370 magnam
1467 1335 1593 1369 mayno

189 1383 365 1418 molimine
389 1396 522 1427 navem,
549 1383 584 1417 in
612 1382 734 1428 quibus
761 1382 981 1429 participium
1009 1395 1113 1429 ayone
1139 1382 1237 1417 iuxta
1265 1382 1369 1417 verba
1396 1393 1458 1428 per
1484 1393 1521 1417 se
1539 1393 1593 1418 ce—

190 1442 296 1477 lerem
325 1446 358 1477 et
383 1442 570 1477 violentum
598 1445 729 1477 motum
755 1442 944 1477 indicantia
970 1454 1037 1476 non
1064 1442 1164 1486 longe
1192 1442 1259 1476 alia
1287 1442 1419 1477 ratione
1441 1442 1591 1488 positum

192 1501 327 1536 videtur
353 1512 455 1547 quam
483 1512 549 1547 qua
577 1503 711 1547 poetam
739 1501 773 1536 in
800 1512 830 1536 v.
850 1500 894 1536 1V
915 1501 983 1536 279
1005 1502 1188 1549 protrudit
1204 1503 1344 1549 ayitque
1362 1504 1397 1536 et
1416 1500 1451 1536 in
1470 1512 1500 1536 v.
1522 1501 1592 1536 888

190 1562 412 1609 protruditur
445 1568 547 1607 atque
581 1568 733 1596 movetur
763 1560 898 1597 fortiori
931 1561 1034 1596 verbo
1061 1560 1172 1596 debile
1199 1561 1397 1596 adiunxisse
1424 1560 1591 1596 videmus.

190 1620 280 1656 Nam
315 1620 366 1655 his
398 1631 532 1666 quoque
568 1620 652 1655 locis
684 1619 812 1666 duplici
839 1620 952 1665 verbo,
979 1619 1060 1655 licet
1085 1619 1230 1655 alterum
1259 1620 1372 1655 minus
1402 1631 1508 1664 grave
1534 1619 1591 1664 sit,

191 1684 307 1715 tamen
334 1683 447 1714 motus
473 1679 530 1715 ille
557 1679 762 1715 luculentius
789 1679 985 1727 depingitur
1012 1682 1045 1715 et
1069 1679 1180 1715 simile
1199 1680 1364 1715 sentimus
1383 1679 1417 1714 in
1437 1679 1486 1714 eis
1505 1689 1592 1725 quae

192 1742 293 1785 poeta
325 1739 415 1773 dixit
449 1740 482 1773 in
511 1751 541 1774 v,
570 1739 615 1773 VI
642 1740 714 1774 464
740 1738 887 1784 (nubila)
912 1741 1004 1774 venti
1029 1740 1210 1774 Portantes
1238 1746 1363 1785 coqunt
1387 1740 1435 1774 ad
1459 1752 1591 1773 summa

192 1799 372 1833 cacumina
407 1800 532 1833 montis
565 1801 598 1833 et
628 1797 664 1832 in
697 1810 727 1833 v.
756 1798 800 1833 VI
828 1795 959 1843 211s12
985 1799 1083 1833 hasce
1108 1800 1217 1845 igitur
1243 1811 1319 1832 cum
1344 1805 1461 1832 ventus
1487 1810 1592 1844 ayens

192 1859 359 1893 contrusit
389 1858 427 1891 in
453 1871 559 1892 unum
585 1857 859 1905 Compressitque
885 1859 996 1892 locum
1022 1870 1142 1904 ooqens
1169 1857 1257 1891 mira
1286 1857 1465 1892 verborum
1492 1856 1528 1891 in
1554 1867 1592 1891 re

195 1916 345 1963 simplici
372 1915 604 1951 cumulatione
631 1916 691 1952 sed
717 1916 833 1952 eadem
864 1917 930 1951 vim
959 1916 1051 1951 venti
1079 1916 1184 1951 nubes
1205 1916 1355 1962 undique
1374 1918 1591 1961 comportan-

192 1976 237 2011 tis
265 1974 352 2011 belle
379 1975 487 2011 oculis
517 1976 717 2011 subiciente.

291 2034 379 2070 Aliis
405 2034 488 2069 locis
515 2036 625 2070 maior
653 2035 702 2069 vis
730 2034 919 2070 sententiae
946 2045 1013 2069 non
1040 2039 1108 2069 tam
1138 2035 1172 2069 in
1198 2034 1300 2070 verbo
1319 2034 1414 2069 finito
1433 2045 1535 2079 quam
1556 2034 1592 2068 in

192 2094 268 2140 ipso
295 2093 477 2140 participio
506 2094 617 2129 inesse
645 2094 801 2129 videatur
826 2094 875 2129 ita
901 2096 938 2128 ut
963 2094 999 2128 in
1026 2093 1234 2139 simpliciore
1260 2093 1413 2128 oratione
1441 2092 1499 2128 illo
1521 2093 1594 2127 for-

193 2156 284 2188 tasse
316 2151 416 2187 malis
448 2163 549 2198 quam
586 2153 648 2188 hoc
681 2164 808 2188 carere.
861 2152 962 2187 Velut
995 2152 1084 2198 quod
1119 2155 1220 2198 poeta
1246 2152 1334 2187 dixit
1359 2151 1465 2187 solem
1492 2163 1594 2187 mane

194 2212 304 2248 solere
336 2213 521 2248 convestire
549 2225 612 2247 sua
636 2213 850 2260 perfundens
879 2213 994 2247 onmia
1021 2212 1093 2247 luce
1120 2211 1150 2246 II
1172 2213 1256 2256 148,
1290 2211 1418 2258 duplici
1445 2212 1595 2257 imagine

194 2273 267 2307 sine
306 2272 408 2307 dubio
442 2272 571 2307 maiore
598 2273 707 2306 oratio
734 2273 821 2307 nitet
846 2271 1044 2316 splendore,
1078 2271 1138 2306 sed
1166 2282 1365 2317 expressam
1394 2271 1596 2307 elocutionis

194 2332 263 2366 vim
298 2331 332 2366 in
365 2331 547 2378 participio
579 2331 693 2378 potius
727 2343 828 2377 quam
862 2331 896 2366 in
928 2329 1097 2365 infinitivo
1130 2330 1277 2377 positam
1310 2342 1385 2366 esse
1413 2332 1594 2367 sentimus.

196 2390 326 2425 Similis
356 2402 412 2425 res
446 2395 497 2425 est
529 2391 674 2426 fortasse
709 2391 812 2426 etiam
848 2392 882 2425 in
916 2402 963 2424 vs.
997 2387 1165 2435 1278s79
1200 2390 1254 2424 ubi
1288 2384 1389 2435 poeta
1416 2392 1485 2425 vim
1515 2403 1595 2426 vcn-

194 2452 306 2484 torum
340 2450 492 2493 graviter
524 2449 702 2493 describit,
743 2462 831 2496 quae
862 2446 922 2494 (sc.
956 2450 1136 2483 ventorum
1170 2453 1327 2494 corpora)
1359 2463 1470 2494 mare,
1506 2463 1591 2498 quae
