1835 2765
857 44 905 81 56

171 142 314 178 cretium
333 143 489 178 volucres
507 143 634 187 ae‘rias,
661 143 750 178 caeli
773 143 908 188 nubila,
936 144 1024 179 caeli
1047 146 1161 192 siqua,
1187 145 1312 179 mundi
1331 145 1459 190 sidera,
1476 145 1581 192 faces

171 202 273 245 caeli,
306 202 411 237 solem
442 202 545 247 caeli,
571 202 712 248 fulmen
744 205 834 240 caeli
859 203 962 249 (quod
994 202 1237 239 Lachmannus
1264 204 1390 239 iniuria
1415 207 1520 249 negat
1544 205 1581 239 in

170 261 409 296 commentarii
437 271 515 307 pag.
544 258 619 307 42),
648 262 824 298 caelestem
839 263 1009 309 fulminis
1026 264 1142 310 iqnem
1160 262 1290 298 dixisse
1309 262 1513 298 invenimus.
1533 280 1581 286 —

174 318 335 354 Ceterum
370 323 510 365 praeter
542 327 655 356 aerem
687 324 721 356 et
753 335 861 357 aurae
888 333 907 357 a
933 321 1093 356 Lucretio
1121 322 1225 357 etiam
1252 323 1406 356 animam
1432 322 1579 368 positam

171 378 369 414 invenimus
396 389 465 414 non
494 379 604 415 solum
632 380 682 415 ita
708 383 746 415 ut
771 388 908 417 ventum
934 380 1103 426 significet
1129 380 1222 417 velut
1243 380 1278 417 in
1296 392 1327 416 v.
1347 379 1481 416 V1578
1500 393 1580 416 ven-

172 445 226 473 tus
246 461 292 465 —
312 445 417 486 atque
434 441 573 475 animae
592 459 634 464 —
655 442 707 475 vis
725 443 880 476 maxima
899 442 1081 487 quaedam,
1109 445 1143 476 et
1161 440 1319 476 similiter
1337 440 1373 475 in
1392 451 1421 475 v.
1441 439 1471 475 V
1489 441 1580 476 1228

171 505 352 534 ventorum
378 517 426 522 ——
447 511 555 546 paces
583 520 623 524 —
655 501 862 546 animasque
887 501 1055 535 secundae
1082 499 1140 535 ubi
1167 504 1283 536 tamen
1309 507 1425 536 ventos
1452 502 1486 535 et
1505 501 1582 534 ani-

171 571 246 593 mas
287 561 324 593 ut
358 569 549 605 synonyma
584 558 728 603 mutari,
768 570 836 593 non
868 569 945 594 cum
979 557 1147 595 Munrone
1176 568 1355 596 ventorum
1385 559 1580 605 genetivum

173 617 278 652 etiam
307 617 349 652 ad
376 619 511 652 animas
539 617 713 662 pertinere
740 617 914 663 existimo,
942 629 1151 663 quamquam
1170 627 1349 655 ventorum
1366 621 1503 655 animae
1520 630 1582 665 per

173 686 209 711 se
243 675 329 711 bene
364 678 509 722 possunt
548 675 720 720 intellegi;
761 675 884 711 Munro
917 675 1016 712 affert
1048 677 1130 713 Acci
1163 677 1269 714 verba
1299 679 1375 714 vela
1405 685 1583 714 ventorum

172 736 310 769 animae
340 736 520 769 inmittere.
579 734 673 769 Idem
707 735 761 770 vir
794 735 915 771 doctus
947 737 1097 772 ostendit
1130 737 1178 779 (in
1212 740 1292 772 nota
1324 737 1367 772 ad
1395 750 1427 772 v.
1454 737 1468 772 I
1499 738 1581 781 715)

172 795 310 829 animae
336 793 475 829 nomine
502 793 606 829 etiam
627 796 719 830 aeris
738 793 947 831 elementum
970 795 1085 842 ipsum
1105 796 1292 841 significari
1311 796 1401 843 apud
1419 795 1582 842 Ennium,

172 852 360 897 Vergilium
396 853 580 899 ipsumque
612 853 813 889 Lucretium
841 854 944 890 1715
972 858 1006 890 et
1031 854 1059 889 V
1088 856 1175 900 236,
1209 866 1276 901 quo
1302 859 1477 902 postremo
1505 856 1582 891 loco

173 924 411 958 aurarumque
442 912 529 947 leves
562 914 699 948 animas
731 916 851 959 aperta
883 912 1071 958 tautologia
1098 918 1201 960 poeta
1226 914 1415 949 coniunxit.
1467 913 1583 949 Etiam

172 970 264 1018 apud
304 969 506 1006 Ciceronem
546 973 666 1006 anima
697 982 955 1017 nonnumquam
990 971 1077 1007 hanc
1110 972 1213 1008 habet
1243 972 1447 1008 sententiam
1480 976 1518 1008 ut
1548 973 1584 1008 in

172 1030 281 1066 altero
308 1028 599 1066 Academicorum
628 1029 787 1065 Priorum
806 1030 906 1075 libro,
934 1041 1006 1075 cap.
1034 1031 1093 1076 39,
1124 1031 1193 1067 124
1220 1033 1253 1066 ει·
1269 1032 1416 1079 simplex
1435 1032 1584 1075 (animus

173 1089 251 1135 est),
278 1096 397 1124 utrum
423 1091 468 1125 sit
493 1091 586 1138 iqui-s
613 1104 659 1125 au
685 1092 804 1125 anima
830 1104 877 1125 an
903 1091 1070 1138 sanquis?
1095 1094 1128 1125 et
1155 1093 1235 1137 apte
1261 1089 1384 1126 Munro
1403 1101 1445 1126 ex
1464 1090 1583 1126 eodem

172 1149 338 1186 Cicerone
365 1150 647 1185 commemoravit
673 1149 834 1185 adiectivi
861 1150 1026 1185 animalis
1054 1160 1153 1185 usum
1172 1149 1206 1185 in
1229 1149 1317 1186 libro
1336 1149 1378 1186 de
1396 1153 1468 1186 nat.
1489 1150 1582 1187 deor.

173 1208 232 1254 ΙΙΙ,
260 1220 335 1255 cap.
367 1209 424 1254 14,
451 1210 507 1244 34.

274 1268 340 1304 Sed
367 1271 505 1315 praeter
531 1268 614 1303 haec
639 1267 789 1312 genetivi
808 1267 969 1315 exempla
987 1266 1133 1303 alterum
1153 1267 1305 1304 locorum
1327 1268 1480 1304 ordinem
1503 1280 1584 1305 con-

175 1328 320 1362 stituere
347 1338 548 1372 possumus,
577 1326 633 1362 ubi
659 1327 876 1371 genetivum,
904 1337 1112 1372 quamquam
1141 1338 1208 1362 non
1236 1338 1355 1373 parem
1383 1327 1487 1363 habet
1513 1328 1581 1362 vim

175 1389 278 1432 atque
316 1396 440 1421 nomen
474 1385 516 1422 de
549 1396 615 1432 quo
647 1385 793 1432 pendet,
833 1388 949 1421 tamen
981 1396 1024 1422 ex
1055 1384 1148 1421 illius
1182 1386 1354 1422 sententia
1386 1386 1521 1423 abunde
1553 1387 1584 1422 ei

174 1446 371 1492 appositum
400 1457 474 1481 esse
502 1448 658 1491 apparet.
712 1445 766 1480 An
792 1446 1027 1481 necessarium
1054 1446 1120 1481 fuit
1145 1446 1181 1481 in
1209 1458 1256 1481 ve.
1285 1444 1451 1492 I313s14
1468 1459 1581 1481 vome-

173 1518 244 1540 rem
271 1506 385 1540 aratri
409 1504 532 1546 dicere,
560 1515 637 1539 cum
665 1515 839 1540 vomerem
867 1504 995 1540 nullius
1022 1505 1072 1539 rei
1099 1504 1167 1540 nisi
1194 1505 1301 1540 aratri
1328 1515 1403 1541 esse
1421 1504 1582 1541 omnibus

174 1565 394 1600 manifestum
425 1564 491 1600 sit?
519 1567 553 1601 et
578 1574 639 1600 cur
665 1563 797 1600 duobus
825 1563 981 1600 versibus
1009 1566 1087 1600 ante
1113 1564 1229 1600 multis
1256 1565 1340 1600 solie
1365 1564 1584 1601 redeuntibus

173 1627 275 1660 annis
310 1624 449 1659 anulum
486 1624 620 1659 tenuari
648 1627 750 1671 poeta
776 1626 1042 1668 commemorat,
1074 1634 1150 1658 cum
1179 1623 1278 1659 annis
1304 1623 1389 1671 ipsis
1416 1624 1451 1659 id
1477 1635 1584 1670 aeque

174 1686 259 1721 bene
290 1683 372 1719 fiat?
404 1682 461 1729 (cf.
490 1683 519 1718 V
546 1684 617 1719 928
650 1685 828 1730 multaque
864 1696 930 1730 per
965 1684 1096 1719 caelum
1129 1684 1212 1718 solis
1244 1684 1415 1719 volventia
1448 1684 1581 1727 lustra).

174 1744 241 1779 Sed
269 1743 328 1779 tali
362 1743 577 1788 accessione,
609 1753 818 1789 quamquam
847 1745 946 1777 extra
973 1742 1230 1788 perspicuitatis
1257 1742 1396 1778 modum
1424 1753 1581 1778 necessa-

174 1804 263 1838 rium
292 1802 438 1847 excedit,
465 1806 580 1837 tamen
608 1802 659 1837 rei
686 1802 796 1848 ipsius
823 1801 936 1845 imago
963 1800 1169 1837 luculentius
1196 1801 1311 1837 animo
1344 1804 1583 1848 repraesenta-

174 1866 245 1906 tur3
278 1861 393 1907 itaque
425 1861 509 1896 talia
540 1860 701 1907 scriptori
729 1859 978 1907 displicebunt,
1011 1859 1180 1896 decebunt
1208 1863 1347 1907 poetam
1374 1863 1409 1896 et
1435 1871 1521 1906 quae
1547 1861 1583 1896 in

174 1932 278 1968 prosa
309 1920 464 1955 oratione
495 1920 661 1964 languent
687 1923 721 1955 et
748 1918 942 1963 offendunt,
978 1930 1018 1955 ea
1044 1920 1079 1954 in
1106 1919 1317 1955 carminibus
1345 1919 1481 1956 ornatui
1509 1930 1582 1955 ser-

173 1981 275 2015 viunt
305 1983 340 2015 et
369 1981 471 2025 grata
497 1982 586 2014 sunt.
643 1978 716 2013 Hac
741 1978 847 2024 igitur
874 1979 1007 2014 ratione
1033 1978 1216 2014 iudicanda
1243 1981 1360 2014 erunt:
1394 1978 1425 2014 II
1450 1976 1583 2025 432133

174 2053 404 2088 eompunyew
430 2052 548 2074 sensus
575 2037 750 2086 Corporis,
779 2037 824 2073 IV
843 2036 952 2085 60314
971 2040 1075 2085 quasi
1090 2040 1182 2085 iqui-e
1202 2038 1314 2086 Saepe
1330 2038 1416 2073 solet
1431 2038 1585 2073 scintilla

174 2113 253 2135 suos
292 2112 326 2135 se
364 2111 531 2147 sparqere
560 2099 599 2133 in
630 2099 738 2145 iyniS,
780 2097 902 2133 deinde
936 2097 982 2133 ΙΙΙ
1007 2098 1076 2133 901
1112 2100 1224 2133 animi
1256 2110 1368 2145 anqor
1397 2104 1584 2144 metusque,

175 2158 220 2194 IV
244 2156 352 2205 90415
388 2158 514 2206 quibus
549 2157 608 2192 ille
633 2159 745 2192 modis
770 2170 910 2193 somnus
937 2180 984 2183 —
1010 2159 1122 2192 animi
1146 2170 1248 2192 curas
1274 2170 1291 2192 e
1312 2164 1453 2204 pectore
1475 2157 1585 2192 solvat

178 2238 219 2242 —
248 2219 359 2262 edam,
389 2216 417 2252 V
441 2217 532 2253 1068
557 2218 699 2263 yanz'tus
726 2218 829 2262 vocis,
858 2215 888 2250 V
910 2216 1002 2251 1313
1030 2217 1184 2263 capitum
1210 2217 1346 2260 cristae,
1375 2225 1583 2261 quamquam

177 2287 244 2311 non
275 2277 395 2322 ignoro
427 2279 538 2312 totum
574 2275 663 2311 hunc
689 2286 846 2320 versum,
881 2285 981 2320 quem
1015 2277 1188 2321 postremo
1221 2274 1295 2309 loco
1322 2274 1441 2319 attuli,
1472 2273 1584 2311 Lach-

178 2347 341 2371 mannum
370 2336 482 2372 Fabro
511 2338 651 2371 auctore
678 2338 716 2371 ut
742 2347 784 2371 ex
810 2334 899 2370 libro
920 2334 949 2369 11
969 2335 1039 2370 632
1061 2334 1176 2381 inepte
1197 2334 1261 2370 huc
1279 2333 1485 2369 translatum
1505 2344 1582 2370 cen·

177 2396 268 2430 sorio
300 2407 463 2430 uncorum
499 2396 597 2440 signo
624 2395 810 2430 notavisse.
864 2393 931 2429 Sed
958 2393 1068 2429 fateor
1094 2404 1149 2429 me
1175 2404 1250 2428 cum
1278 2392 1447 2429 Munrone
1473 2394 1583 2430 facere

177 2454 234 2500 qui
264 2465 398 2488 versum
427 2454 582 2499 retinuit,
610 2464 676 2499 quo
703 2454 809 2489 totius
836 2453 885 2488 rei
913 2453 1028 2496 imago
1055 2452 1158 2487 etiam
1187 2452 1317 2488 maiore
1343 2462 1421 2487 cum
1449 2453 1583 2499 perspi-
