1835 2765
892 25 938 59 22

200 123 291 157 inter
330 132 366 156 se
404 120 629 165 coniungeret
668 123 808 156 Averna
834 144 881 149 —-
909 133 998 168 quae
1039 128 1120 156 sunt
1155 122 1231 156 loca
1270 133 1414 168 cumque
1452 122 1616 168 lacusque

201 179 347 223 V1738‚
375 189 451 213 cum
480 178 565 214 locis
592 179 741 214 Avernis
770 180 874 215 etiam
901 179 996 215 lacus
1023 179 1098 215 sine
1132 179 1235 215 dubio
1266 178 1615 225 comprehendantur.

201 240 255 274 An
291 238 389 274 arida
427 238 504 274 loca
529 238 713 275 Lucretius
752 239 937 285 paludibus
976 239 1159 286 opposuit?
1210 238 1287 275 Non
1327 241 1410 286 puto
1450 249 1529 273 eum
1567 238 1616 273 sic

199 297 295 342 loqui
322 298 478 343 potuisse
506 301 540 333 et
566 301 704 344 poetam
731 298 795 333 1100
821 309 890 333 000
918 298 1066 333 voluisse
1093 298 1236 343 sentiet,
1270 298 1327 344 qui
1361 300 1472 333 totum
1500 297 1616 331 locum

200 355 398 403 perlegerit.
451 356 502 392 Ne
530 359 643 392 autem
678 357 756 403 quis
788 357 913 392 miram
953 356 1116 403 loquendi
1153 357 1322 393 rationem
1360 355 1444 391 mihi
1477 354 1616 400 obiciat,

200 415 286 451 haec
313 426 382 451 non
410 416 520 461 magis
561 417 646 451 mire
686 416 778 451 dicta
817 419 898 451 sunt
938 427 1040 461 quam
1077 427 1164 462 quae
1200 421 1302 452 antea
1338 415 1439 451 attuli
1470 418 1503 450 et
1529 426 1617 460 quae

201 478 384 521 praeterea
423 485 613 521 proponam
654 474 896 510 alliterationis
936 474 1034 519 signo
1068 478 1187 521 aperto
1229 478 1358 510 notata.
1416 473 1521 510 Velut
1558 473 1617 509 ubi

201 536 307 581 poeta
332 534 501 578 agricolas
528 533 611 568 dicit
636 533 672 567 in
700 544 803 579 opere
822 533 908 568 duro
938 533 1062 568 durare
1080 534 1235 569 membra
1250 547 1443 581 manusque
1460 533 1489 568 V
1511 534 1617 577 1358,

203 594 394 628 orationem
423 592 526 627 simili
555 596 655 638 pacto
682 591 773 626 ultra
799 591 1042 627 necessitatem
1077 592 1254 628 abundare
1287 595 1452 639 apparet3
1497 603 1617 638 quam-

204 663 307 698 quam
334 652 501 686 sentimus
529 662 666 695 manus,
694 654 731 685 ut
758 662 833 686 eam
860 651 1015 697 corporis
1034 654 1168 697 partem
1187 662 1275 697 quae
1294 652 1448 687 omnium
1468 651 1618 686 maxime

203 711 359 755 duretur,
387 721 455 744 nou
483 710 557 744 sine
586 710 619 744 vi
646 709 796 755 quadam
826 721 865 745 ac
892 710 1035 745 consilio
1063 710 1167 745 etiam
1203 710 1409 745 nominatim
1437 710 1616 756 appellari.

203 771 317 814 Atque
345 768 464 804 eadem
494 772 547 803 est
573 769 662 804 ratio
680 764 725 803 'in
754 780 784 803 v.
805 770 875 805 866
904 769 982 804 libri
1009 768 1055 803 IV
1089 776 1265 816 patentem
1305 770 1374 804 Per
1398 769 1552 804 membra
1577 782 1619 803 ac

200 842 305 864 venas
331 835 370 863 ut
396 841 550 863 amorem
577 835 715 876 opturet
741 829 881 873 edendi,
923 828 980 863 ubi
1015 828 1170 874 corporis
1197 827 1440 873 significationi
1466 827 1619 873 graviter

202 887 307 923 etium
335 899 440 923 venas
468 887 605 922 additas
626 888 800 931 videmus3
827 899 908 923 nam
929 888 961 922 in
989 888 1075 933 ipsis
1094 888 1202 932 venis,
1231 891 1269 922 ut
1294 888 1406 923 cibum
1426 887 1619 934 potionem-

202 958 268 992 que
298 950 455 982 veterum
483 946 645 992 opinione
671 947 918 992 recipientibus
947 944 1005 991 (cf.
1032 946 1276 981 Ruhnkenium
1294 946 1337 981 ad
1356 946 1523 981 Rutilium
1550 945 1619 980 Lu-

205 1017 302 1052 pum,
330 1016 432 1052 pagg.
456 1003 578 1052 10314)
604 1005 730 1041 famem
759 1005 909 1051 primum
943 1016 982 1040 ac
1014 1005 1233 1052 potissimum
1274 1006 1441 1041 exsistere
1479 1016 1619 1041 necesse

204 1068 256 1100 est
282 1063 405 1110 (etiam
434 1065 525 1111 apud
554 1064 652 1099 Ovid.
682 1065 717 1099 in
744 1064 824 1100 Met.
855 1066 888 1108 8,
909 1065 980 1100 820
999 1064 1122 1099 Fames
1149 1064 1280 1099 ieiunia
1298 1065 1433 1109 spargit
1458 1065 1494 1099 in
1522 1064 1619 1098 venis

203 1121 493 1170 Erysichthonis).
548 1123 593 1158 Et
626 1127 706 1158 sunt
742 1124 834 1170 apud
865 1123 1062 1158 Lucretium
1105 1134 1240 1169 quoque
1281 1133 1392 1169 pauca
1430 1122 1498 1157 alia
1523 1122 1619 1157 sche-

204 1183 308 1218 matis
335 1182 428 1218 illius
455 1185 541 1218 καθ’
561 1183 645 1218 ὅλον
671 1184 730 1218 καὶ
756 1181 846 1218 κατὰ
873 1185 997 1228 μέρος,
1030 1182 1120 1227 quod
1148 1181 1293 1226 dicitur,
1321 1181 1498 1228 exempla,
1527 1181 1620 1217 velut

204 1242 295 1288 quod
335 1242 473 1288 saepius
512 1242 548 1276 in
587 1241 655 1277 fine
687 1253 805 1276 versus
844 1241 993 1276 occurrit
1030 1254 1094 1276 ora
1128 1254 1306 1288 yenasque
1332 1241 1449 1285 1920,
1487 1240 1619 1285 11977,

204 1301 251 1336 III
269 1302 355 1345 469,
382 1301 506 1335 deinde
532 1303 698 1335 maternis
724 1303 827 1335 etiam
852 1300 1015 1335 membris»
1033 1301 1179 1347 alvoque
1196 1307 1337 1347 reposta
1363 1299 1410 1335 III
1428 1301 1513 1344 346,
1532 1300 1618 1334 item

204 1361 354 1408 proinde
381 1362 487 1407 quasi
517 1362 657 1407 iynotas
685 1360 804 1405 facies
843 1367 946 1406 atque
986 1372 1050 1394 ora
1088 1366 1232 1394 tuantur
1258 1358 1302 1394 IV
1322 1359 1411 1402 9973
1448 1359 1621 1394 mensibus

205 1428 308 1467 atque
335 1422 439 1454 annis
466 1421 529 1466 qui
552 1420 669 1454 multis
696 1420 824 1454 occidit
849 1426 928 1454 ante
962 1418 1007 1453 ΙΙΙ
1035 1419 1146 1463 1092,
1186 1418 1243 1454 ubi
1283 1421 1393 1453 totum
1433 1428 1509 1453 cum
1550 1429 1620 1452 em-

206 1479 304 1525 phasi
333 1483 411 1525 post
439 1482 572 1524 partem
605 1478 809 1513 collocatum
841 1478 1050 1513 invenimus.
1084 1497 1129 1502 —
1157 1477 1222 1512 Hic
1248 1477 1394 1512 fortasse
1421 1480 1502 1522 apte
1528 1487 1621 1511 com-

206 1538 455 1574 memorabitur
481 1538 584 1573 etiam
614 1548 695 1573 usus
728 1536 803 1582 ille,
845 1547 912 1582 quo
952 1536 1146 1583 pronomini
1188 1535 1363 1583 personali
1398 1547 1465 1571 vox
1496 1535 1622 1571 certior

204 1609 280 1633 cum
310 1598 479 1642 gravitate
507 1597 726 1643 postponitur
753 1600 787 1632 et
814 1596 907 1642 apud
934 1595 1132 1631 Lucretium
1161 1595 1175 1630 I
1202 1592 1258 1641 6s7
1288 1603 1319 1630 te
1338 1615 1381 1620 -
1406 1595 1619 1630 Adventum-

205 1670 270 1705 que
296 1664 405 1701 tuum,
433 1656 448 1691 I
471 1657 513 1691 12
541 1663 571 1691 te
598 1675 643 1680 -—
671 1663 837 1702 tuumque
856 1675 899 1679 —
919 1656 1058 1699 initum,
1087 1654 1133 1689 III
1152 1655 1222 1689 917
1249 1667 1310 1689 nee
1328 1654 1397 1689 sibi
1413 1656 1505 1689 enim
1523 1655 1620 1701 quie-

206 1730 312 1764 quam
337 1723 410 1751 tum
436 1729 470 1751 se
496 1718 672 1762 vitamque
697 1716 848 1761 requirit
874 1717 908 1749 et
935 1713 1027 1760 apud
1054 1713 1140 1748 alios
1166 1713 1365 1759 scriptores,
1397 1714 1440 1749 cf.
1468 1713 1619 1748 Ennium

207 1777 241 1810 in
270 1775 456 1810 Annalium
486 1774 643 1819 reliquiis
670 1785 701 1808 v.
727 1774 815 1818 111,
849 1773 884 1807 in
912 1772 1132 1816 Tragoediar.
1162 1784 1192 1807 V.
1214 1773 1297 1816 221,
1326 1771 1479 1807 Saturar.
1509 1784 1540 1807 V.
1565 1773 1619 1816 17,

206 1834 399 1879 Vergilium
427 1833 461 1868 in
490 1833 576 1869 Aen.
597 1832 642 1868 IV
661 1833 746 1877 492,
776 1831 852 1867 VIII
872 1829 1016 1878 3771'78,
1043 1830 1219 1867 Ciceronis
1238 1831 1429 1867 orationem
1451 1831 1621 1878 Philippi-

206 1906 281 1930 cam
311 1893 368 1929 III.
397 1904 473 1939 cap.
497 1894 551 1938 13,
572 1893 630 1928 33.
659 1890 753 1938 (vide
777 1892 881 1927 etiam
899 1890 1110 1927 Lobeckium
1137 1891 1174 1927 in
1200 1891 1448 1927 commentario
1476 1891 1520 1926 ad
1538 1891 1619 1926 Aia-

206 1964 292 1997 cem,
322 1964 352 1988 v.
379 1950 497 1997 1147).
526 1971 572 1975 —
602 1950 670 1986 Sed
698 1951 760 1985 hac
785 1961 823 1985 re
849 1950 1007 1996 exposita
1033 1961 1154 1985 rursus
1187 1951 1230 1985 ad
1262 1950 1478 1996 propositum
1506 1960 1621 1984 rever-

207 2016 340 2055 tamur;
368 2022 449 2047 nam
478 2013 611 2046 restant
637 2010 671 2045 in
691 2010 868 2045 nominum
888 2021 1031 2045 numero
1050 2009 1292 2045 alliterationis
1311 2008 1477 2044 nonnulla
1503 2011 1624 2054 aperta

209 2071 378 2117 exempla.
419 2071 474 2106 An
502 2070 607 2105 aliam
635 2081 774 2104 causam
795 2073 956 2115 putamus
975 2080 1061 2113 esse,
1089 2080 1150 2104 cur
1176 2071 1278 2114 poeta
1295 2069 1401 2103 nubes
1428 2071 1463 2102 et
1487 2068 1623 2103 ‘nimbos

210 2130 446 2174 coniugaverit
472 2130 507 2164 in
536 2140 567 2163 v.
587 2129 655 2164 521
686 2128 764 2163 libri
784 2128 841 2172 VI,
883 2128 941 2162 ubi
980 2127 1064 2162 dicit
1095 2127 1230 2172 pluvias
1257 2126 1315 2161 diu
1342 2137 1534 2170 remanere,
1562 2126 1622 2161 ubi

211 2188 319 2223 multa
345 2189 500 2224 cieantur
527 2188 661 2224 semina
687 2199 852 2234 aquarum
882 2190 985 2232 atque
1013 2185 1089 2221 aliis
1117 2185 1205 2220 aliae
1232 2184 1340 2220 nubes
1367 2184 1543 2231 nimbique
1570 2185 1621 2220 in—

211 2259 315 2293 super
335 2276 455 2283 .....
483 2247 665 2283 ferantur?
716 2247 933 2292 Quamquam
974 2246 1065 2280 enim
1097 2245 1198 2280 nubis
1232 2245 1325 2279 notio
1362 2247 1414 2279 est
1439 2244 1622 2288 generalis,

211 2306 320 2340 nimbi
347 2310 460 2341 autem
487 2308 649 2343 dicuntur
676 2307 794 2351 nubes,
827 2305 940 2352 quoad
966 2304 1011 2339 ad
1044 2306 1284 2349 tempestatem
1320 2303 1495 2349 pertinent
1521 2306 1623 2349 atque

211 2365 365 2412 pluviam
393 2366 590 2412 demittunt,
619 2370 734 2402 tamen
762 2366 826 2401 hoc
851 2365 926 2400 1000
945 2364 1049 2399 etiam
1069 2362 1177 2399 nubes
1195 2366 1324 2398 terram
1350 2362 1452 2398 imbri
1471 2362 1623 2407 rigantes

191 2424 459 2468 ,intelleguntur
497 2437 607 2471 neque
647 2426 800 2471 profecto
840 2425 895 2458 1110
935 2423 1125 2458 sententiae
1164 2422 1348 2457 discrimen
1389 2433 1463 2457 esse
1499 2425 1622 2467 potest.
