1835 2765
863 68 910 104 76

173 175 294 211 terrae,
323 179 412 213 quae
438 168 588 214 denique
613 167 736 202 nubila
763 169 851 203 caeli
882 168 1031 203 Verrunt
1057 180 1098 202 ac
1123 167 1234 202 subito
1260 168 1425 201 vexantia
1452 167 1587 203 turbine

172 233 326 274 raptant.
381 225 418 261 Si
444 226 537 261 enim
565 237 646 262 vera
672 230 753 262 sunt
779 238 866 273 quae
892 227 933 262 de
961 226 1104 273 propria
1132 225 1279 261 vexandi
1299 225 1394 261 verbi
1413 227 1585 262 sententia

172 285 303 321 Gellius
330 285 486 332 disputat
503 285 539 320 in
560 285 667 321 altero
687 286 848 322 Noctium
866 286 971 322 Attio.
992 285 1093 331 libro,
1119 297 1193 332 cap.
1214 286 1248 330 6,
1275 284 1324 330 ἐξ
1343 286 1378 330 5,
1396 286 1417 321 6
1438 285 1585 321 vexandi

171 345 222 379 vis
249 356 317 379 non
345 344 456 379 solum
484 345 647 391 raptaudi
674 346 881 381 sententiam
910 348 1034 391 aequat
1060 345 1121 380 sed
1149 346 1253 380 etiam
1281 344 1425 380 verbum
1445 345 1584 388 gravius

171 406 205 438 et
232 402 484 448 significantius
504 408 568 449 est,
596 415 662 450 quo
682 404 803 439 eadem
823 405 855 439 vi
874 405 976 439 etiam
997 403 1140 439 Ovidius
1166 404 1274 439 utitur
1292 404 1326 438 in
1347 402 1428 438 Met.
1447 402 1494 438 XI
1513 404 1584 438 435

170 460 296 508 (venti)
323 464 412 499 caeli
437 476 572 510 quoque
597 464 720 499 nubila
745 471 878 499 veoeanc.
907 486 956 491 —
981 463 1102 499 Restat
1128 463 1183 499 hic
1210 474 1296 499 unus
1323 462 1437 508 loeus,
1471 473 1519 498 vs.
1553 462 1582 498 V

172 519 320 567 737s38,
347 522 405 558 ubi
433 522 531 557 suavi
557 522 788 567 descriptione
815 522 899 557 haec
926 522 1090 566 legimus:

420 591 531 626 Flora
557 591 682 638 quibus
708 597 819 626 mater
841 603 1098 637 praesparyene
1125 598 1204 626 ante
1229 593 1303 627 viai

426 649 557 684 Cuncta
583 650 756 684 coloribus
783 652 929 695 eyreqiz's
956 657 987 684 et
1013 650 1178 685 odoribus
1205 652 1334 696 opplet,

171 729 234 763 pro
268 718 407 763 quibus,
443 729 519 752 cum
554 718 755 753 discesseris
787 729 807 752 a
838 722 958 764 poeta,
995 718 1123 753 rectius
1150 718 1280 764 scripta
1311 718 1583 764 exspectaveris:

167 779 395 823 praeeparqit
420 780 500 812 ante
527 777 595 811 viai
622 787 650 811 c.
678 788 705 811 e.
732 788 761 811 e.
786 780 821 812 et
847 788 877 811 o.
906 777 1034 823 opplet.
1087 776 1175 811 Nam
1203 777 1334 811 colores
1363 777 1477 823 potius
1505 788 1581 812 cum

170 835 357 880 spargendi
392 837 533 871 notione
567 836 769 881 convenire,
802 836 965 883 opplendi
1005 836 1146 871 verbum
1182 836 1224 871 ad
1258 835 1381 871 odores
1414 836 1584 882 quadrare

169 894 315 929 videtur.
369 895 427 931 Sic
453 906 534 931 vero
562 899 600 930 ut
626 896 732 931 verba
758 896 889 941 scripta
914 897 1072 940 legimus,
1101 899 1160 931 aut
1185 896 1369 942 participio
1398 900 1457 931 aut
1481 896 1584 931 verbo

169 952 245 999 ipso
273 964 360 999 opus
386 965 456 989 non
482 954 559 989 fuit.
614 954 682 989 Sed
713 955 772 999 qui
799 959 833 990 et
859 966 962 1000 quam
989 954 1089 989 multi
1117 955 1186 989 sint
1212 954 1336 1000 quibus
1364 954 1466 989 Flora
1493 955 1584 989 viam

169 1014 393 1058 praespargit
424 1013 578 1048 virorum
613 1014 790 1049 doctorum
824 1014 1016 1049 sententiae
1049 1013 1257 1058 discrepant.
1310 1013 1453 1048 Codices
1481 1013 1584 1058 enim,

172 1071 230 1115 qui
257 1072 362 1117 primi
390 1071 592 1107 consulendi
619 1076 712 1116 sunt,
740 1073 826 1106 hanc
853 1072 1020 1117 praebent
1045 1072 1244 1107 lectionem:

433 1141 468 1175 It
492 1153 552 1175 ver
577 1147 609 1175 et
633 1153 749 1184 venue,
779 1147 810 1174 et
834 1142 966 1174 veneris
991 1141 1199 1186 prenuntius
1227 1147 1304 1175 ante

434 1200 612 1233 Pennatus
635 1201 800 1245 yradt'tur
824 1200 970 1245 zephyri
994 1200 1141 1245 vestiyz'a
1164 1206 1312 1245 propter

174 1267 210 1302 in
248 1267 389 1313 quibus,
423 1268 451 1302 si
485 1278 604 1302 sensus
637 1267 767 1313 aliquid
800 1267 908 1311 valet,
949 1267 1129 1301 verissima
1159 1266 1243 1301 mihi
1277 1266 1413 1302 videtur
1445 1266 1583 1302 Marulli

173 1327 381 1372 coniectura,
401 1327 457 1373 qui
477 1327 672 1371 genetivum
692 1327 836 1375 zephyri
852 1326 887 1361 in
907 1326 1158 1362 nominativum
1177 1327 1341 1370 mutavit3
1360 1338 1439 1362 nam
1455 1326 1582 1374 zephy-

173 1397 249 1421 rum
277 1389 315 1421 ut
340 1387 430 1420 veris
457 1389 491 1421 et
516 1386 661 1421 Veneris
688 1387 847 1421 comitem
876 1397 943 1420 non
972 1385 1096 1420 obiecti
1115 1386 1226 1420 locum
1247 1386 1401 1421 obtinere
1420 1389 1454 1422 et
1472 1387 1583 1422 obiter

172 1445 269 1490 quasi
303 1445 564 1480 commemorari
599 1445 659 1480 sed
692 1444 832 1488 gravius
860 1443 1046 1488 significari
1074 1448 1108 1479 et
1133 1445 1247 1491 ipsum
1276 1455 1410 1490 quoque
1438 1445 1581 1481 subiecti

170 1503 281 1538 locum
310 1508 426 1538 tenere
452 1514 539 1549 opus
567 1514 641 1538 esse
665 1504 877 1549 comparatio
897 1514 973 1538 cum
994 1504 1043 1538 eis
1063 1514 1150 1549 quae
1169 1506 1361 1549 sequuntur
1380 1504 1578 1546 (739—43)

171 1562 362 1598 luculenter
394 1562 618 1598 demonstrat.
685 1562 814 1598 Contra
852 1573 972 1597 vereor
1011 1573 1053 1597 ne
1088 1561 1332 1598 Lachmannus
1365 1573 1432 1597 non
1460 1563 1582 1598 merito

170 1622 370 1668 probaverit
396 1622 486 1667 quod
513 1622 692 1658 Bentleius
719 1623 918 1658 dubitanter
944 1625 1173 1667 proposuerat
1199 1629 1230 1657 et
1246 1624 1335 1658 veris
1351 1625 1582 1669 praenuntius

170 1680 388 1716 scribendum
422 1692 497 1716 esse
529 1684 631 1726 atque
665 1682 698 1716 in
733 1681 796 1715 hae
830 1680 967 1725 quidem
1000 1691 1037 1714 re
1069 1691 1144 1715 cum
1185 1680 1353 1715 Munrone
1391 1681 1578 1725 consentio,

171 1740 315 1776 Veneris
355 1740 582 1787 praenuntius
614 1744 648 1776 et
681 1741 757 1786 quis
790 1739 836 1775 sit
866 1739 968 1775 facile
1000 1739 1153 1784 intellegi
1186 1751 1286 1786 posse
1318 1743 1352 1775 et
1383 1740 1469 1776 bene
1501 1751 1577 1776 eum

170 1800 437 1835 commemorari
469 1811 507 1835 ea
541 1811 628 1845 quae
660 1800 742 1835 licet
781 1802 903 1845 poetae
937 1802 970 1833 et
1002 1799 1099 1834 decet
1129 1801 1163 1834 in
1194 1800 1376 1845 pangendo
1406 1800 1577 1836 libertate.

170 1858 328 1895 Profecto
361 1859 451 1894 enim
487 1859 516 1894 is
551 1859 607 1905 qui
640 1859 755 1905 ipsum
788 1857 990 1904 Cupidinem
1025 1858 1087 1893 hoc
1116 1857 1190 1894 loco
1217 1859 1431 1894 nominatum
1460 1870 1499 1894 eo
1526 1871 1578 1895 re-

171 1918 373 1964 prehendit,
402 1918 490 1963 quod
517 1918 662 1953 Veneris
687 1929 755 1952 non
783 1918 873 1953 veris
899 1918 1036 1952 initium
1065 1918 1203 1963 indicet,
1235 1918 1304 1953 vim
1331 1917 1430 1954 affert
1456 1922 1578 1965 poetae

169 1978 267 2012 cuius
301 1978 478 2022 ingenium
512 1977 639 2012 talibus
666 1977 855 2012 sententiae
883 1977 1051 2022 angustiis
1077 1988 1144 2012 non
1172 1978 1378 2012 continetur.
1430 1977 1523 2020 Quae
1549 1978 1578 2013 si

171 2048 252 2072 vera
286 2040 383 2081 sunt,
416 2037 588 2083 quomodo
615 2048 705 2072 nunc
732 2036 868 2082 quidem
896 2036 1001 2072 verba
1028 2037 1118 2071 inter
1143 2047 1179 2071 se
1206 2036 1378 2081 iungenda
1405 2037 1474 2071 sint
1500 2048 1577 2072 eum

170 2098 373 2140 quaeratur,
408 2096 492 2130 haec
525 2095 614 2130 ratio
641 2095 772 2142 optima
798 2096 883 2130 mihi
910 2095 1063 2140 videtur,
1094 2099 1133 2130 ut
1158 2099 1328 2130 commate
1355 2099 1389 2131 et
1413 2099 1492 2142 post
1518 2096 1577 2130 ad—

168 2155 330 2190 iectivum
358 2163 529 2203 pennatus
557 2158 591 2190 et
616 2155 651 2190 in
677 2154 743 2190 fine
770 2166 889 2190 versus
920 2154 989 2190 736
1017 2154 1129 2201 posito
1147 2153 1227 2189 talis
1253 2154 1399 2190 exsistat
1416 2165 1575 2190 versuum

170 2214 412 2250 conformatio:

404 2284 438 2319 It
462 2297 522 2319 ver
548 2291 579 2319 et
612 2283 723 2319 Venus
749 2291 781 2319 et
813 2284 952 2319 Veneris
973 2284 1206 2330 praenuntius
1233 2289 1311 2317 ante

406 2345 592 2388 Pennatus,
618 2345 784 2391 yradz'tur
809 2344 981 2391 zephyrus
1006 2344 1151 2390 vestiqz'a
1171 2349 1331 2390 propter,

409 2403 514 2437 Flora
542 2404 666 2449 quibus
695 2411 802 2437 mater
829 2410 911 2448 θέρε.

173 2469 352 2506 Sententia
379 2470 484 2515 igitur
511 2471 594 2506 haec
621 2475 687 2507 est:
714 2472 741 2507 it
768 2483 826 2506 ver
853 2474 887 2506 et
914 2470 1029 2505 Venus
1057 2473 1090 2505 et
1116 2472 1195 2505 ante
1223 2481 1295 2505 eam
1317 2469 1460 2517 Cupido,
1487 2482 1576 2517 pone
