1835 2765
892 60 936 94 18

204 160 277 192 eius
309 156 368 198 (sc.
396 156 504 201 aeris,
536 155 614 192 vide
641 155 821 192 Munronis
847 157 980 199 notam)
1007 155 1124 192 crebro
1149 156 1326 203 pulsan-ier
1350 157 1439 199 ictu,
1472 155 1518 191 IV
1544 157 1614 193 637

203 217 360 262 (serpens
386 215 535 251 hominis
561 219 654 251 taeta
680 214 815 262 salivis)
842 217 990 264 disperit
1014 228 1055 251 ac
1081 228 1151 250 sese
1168 214 1363 251 mandendo
1382 217 1519 264 conficit
1535 217 1615 263 ipsa

202 274 234 309 h.
254 286 283 310 e.
311 274 422 310 tribus
450 275 564 311 verbis
591 288 626 311 se
652 276 797 311 comedit
821 278 914 323 ipsa,
942 278 1122 322 praeterea
1148 274 1178 309 ΙΙ
1205 275 1275 310 828
1302 286 1499 309 evanescere
1519 287 1614 322 pau-

201 334 300 369 latim
336 336 537 382 stinquique
568 336 734 380 colorem,
774 334 819 370 III
849 336 918 371 189
950 347 1100 381 namque
1124 341 1277 370 movetur
1302 346 1397 381 aqua
1422 340 1453 369 et
1478 334 1614 368 tantillo

199 396 350 429 momine
366 395 486 441 flutat,
514 393 661 439 denique
688 393 718 429 ΙΙ
748 391 901 440 1068169
928 407 1005 429 cum
1031 394 1124 429 locus
1150 400 1200 429 est
1219 400 1373 441 praesto,
1400 405 1461 428 nec
1481 405 1536 428 res
1554 405 1615 428 nec

200 466 308 488 causa
333 460 493 488 moratur
525 452 616 496 Ulla,
641 455 719 500 geri
743 452 874 496 debent,
901 454 1080 497 nimirum,
1109 460 1140 488 et
1164 454 1309 502 confieri
1331 465 1395 487 res.

301 511 432 554 Quibus
459 511 630 557 expositis
657 510 721 545 hoc
747 521 853 546 unum
883 511 991 546 habeo
1019 511 1109 556 quod
1138 514 1312 557 postremo
1335 521 1613 555 commemorem,

203 573 340 616 poetam
370 569 545 604 nonnullis
573 568 656 603 locis
688 569 832 603 consilio
865 569 1034 613 quodam,
1062 573 1101 603 ut
1126 569 1281 614 videtur,
1308 569 1412 605 verba
1437 569 1528 604 idem
1555 580 1613 604 va-

201 628 309 664 lentia
335 629 384 663 ita
411 627 596 669 collocare,
630 630 668 662 ut
699 626 807 662 altero
835 627 871 661 in
898 627 1001 662 initio
1029 626 1137 662 altero
1168 627 1203 674 in
1231 628 1468 674 praecedentis
1495 639 1613 663 versus

201 687 269 722 fine
296 688 408 733 posito
435 698 498 733 par
526 697 687 722 versuum
716 686 827 722 artius
846 687 1067 722 coniunctum
1086 685 1239 723 effecisse
1266 687 1434 723 videatur.
1475 687 1612 724 Subicio

201 757 292 782 nune
319 747 434 781 omnia
461 757 550 792 quae
577 746 695 781 inveni
723 739 896 793 exempla,
923 757 998 782 cum
1027 747 1103 793 ipsa
1129 746 1297 782 rationem
1325 748 1436 792 qualis
1463 748 1508 782 sit
1534 758 1613 794 pro-

200 806 324 841 batura
351 816 425 841 esse
453 805 667 841 existimem:
709 805 723 840 I
750 803 884 852 375176
911 808 961 841 sic
987 807 1078 841 alias
1105 819 1241 853 quoque
1265 819 1320 841 res
1344 808 1435 842 inter
1460 819 1495 842 se
1511 820 1613 854 posse

198 866 331 899 moveri
355 865 403 899 Et
427 871 563 899 mutare
590 865 713 908 locum,
743 867 902 911 quamvis
928 867 998 900 sint
1024 867 1141 900 omnia
1165 866 1282 912 plena,
1311 865 1341 900 II
1369 863 1501 911 278179
1526 879 1611 912 pro-

198 925 315 959 cedere
354 936 456 971 saepe
495 924 781 971 Praecipitesque
818 926 924 971 rapi,
962 923 1007 958 IV
1034 921 1166 971 320121
1206 924 1336 970 referri
1374 924 1426 959 Ac
1462 925 1608 968 resilire,

198 982 244 1017 IV
270 980 407 1029 422123
431 984 532 1027 ferri
556 984 605 1018 Et
626 984 754 1029 fluere,
793 982 838 1018 IV
866 981 999 1029 883184
1029 986 1081 1018 ire
1108 984 1218 1030 Inque
1245 985 1365 1030 qredi,
1406 983 1451 1018 VI
1479 982 1610 1030 215116

199 1042 336 1077 diducit
361 1043 473 1077 euntis
499 1041 759 1088 Dissoluitque‚
789 1040 833 1076 Vl
861 1038 994 1088 653154
1021 1043 1053 1076 si
1074 1042 1181 1089 plane
1207 1049 1389 1077 contueare
1415 1043 1468 1077 Ac
1492 1044 1611 1077 videas

195 1103 323 1149 plane,
364 1101 410 1137 VI
438 1099 569 1148 895196
603 1103 654 1136 sic
682 1103 792 1148 iyitur
819 1114 887 1148 per
920 1114 996 1136 eum
1026 1108 1173 1148 possunt
1204 1114 1382 1149 erumpere
1400 1101 1539 1148 fontem
1564 1101 1612 1137 Et

199 1168 330 1195 scatere
367 1161 432 1194 illa
459 1161 586 1205 foras,
626 1162 665 1194 in
703 1168 867 1206 stuppam
905 1163 1037 1194 semina
1069 1172 1159 1206 quae
1191 1173 1268 1194 cum
1300 1163 1386 1205 etqs.
1439 1160 1491 1195 Ita
1518 1161 1607 1195 enim

200 1218 324 1255 Munro
354 1229 491 1255 versum
521 1219 591 1256 896
624 1219 698 1254 iure
731 1229 808 1254 mea
846 1218 1017 1254 sententia
1056 1218 1140 1263 legit
1170 1221 1204 1253 et
1236 1219 1467 1265 interpungit,
1507 1230 1606 1265 quem

200 1279 358 1313 conferas
397 1279 511 1324 ipsum
553 1279 588 1313 in
617 1282 699 1313 nota
737 1279 779 1313 ad
806 1278 871 1313 v.I
903 1280 957 1314 15.
1010 1278 1074 1313 His
1113 1278 1242 1313 similia
1281 1282 1361 1314 sunt
1394 1278 1423 1314 ΙΙ
1455 1277 1608 1326 1173174

198 1337 367 1372 tabescere
406 1344 437 1371 et
466 1339 518 1371 ire
551 1338 607 1371 Ad
638 1337 820 1383 capulum,
861 1336 907 1370 IV
934 1334 1066 1382 316117
1105 1338 1297 1383 induyredi
1325 1350 1436 1383 porro
1474 1340 1610 1384 pariter

198 1397 388 1431 simulacra
424 1397 613 1443 pedemque
654 1396 784 1431 Ponere
820 1395 1016 1439 nobiscum,
1062 1394 1091 1430 V
1120 1393 1264 1442 715116
1306 1394 1466 1443 (eorpus)
1515 1398 1610 1444 quod

198 1456 313 1494 fertur
338 1462 368 1490 et
394 1468 466 1489 una
493 1455 659 1497 Labitur,
699 1454 744 1489 III
775 1452 904 1500 168169
929 1462 1114 1501 praeterea
1137 1457 1274 1501 pariter
1289 1455 1405 1502 funqi
1428 1468 1505 1490 cum
1531 1469 1608 1491 cor-

194 1527 285 1562 pore
311 1521 342 1549 et
366 1527 438 1549 una
456 1513 653 1549 Consentire
678 1515 845 1557 animum,
874 1517 908 1548 et
934 1513 1082 1548 conferri
1101 1514 1229 1559 poterit
1256 1513 1302 1548 VI
1330 1511 1462 1560 211112
1489 1522 1608 1550 ventus

198 1586 303 1619 aqens
330 1576 500 1608 contrusit
524 1575 562 1607 in
587 1586 695 1607 unum
723 1575 1001 1619 Compressitque
1027 1574 1139 1608 locum
1168 1586 1291 1619 coqens
1317 1573 1377 1614 (sc.
1396 1571 1531 1619 nubes).

298 1630 366 1667 Sed
393 1631 544 1666 nondum
572 1642 626 1666 res
653 1631 695 1666 ad
723 1630 826 1666 finem
861 1630 1029 1677 perducta
1055 1634 1117 1665 est.
1171 1630 1207 1665 In
1235 1631 1519 1676 praecedentibus
1546 1631 1608 1667 hoc

197 1690 379 1726 ostendere
406 1693 549 1726 conatus
577 1701 666 1735 sum,
695 1692 835 1736 poetam
862 1689 988 1734 multa,
1021 1689 1174 1736 plurima
1199 1689 1305 1725 verba
1329 1700 1396 1725 non
1425 1690 1498 1725 sine
1525 1701 1608 1736 quo—

197 1750 276 1785 dam
305 1749 418 1785 studio
446 1760 485 1784 ac
503 1749 647 1784 consilio
666 1749 904 1792 coniunxisse3
934 1759 1010 1784 eum
1040 1749 1075 1783 in
1101 1748 1260 1784 omnibus
1286 1753 1415 1785 certam
1435 1749 1605 1785 rationem

197 1812 353 1844 secutum
383 1819 457 1844 esse
484 1808 723 1843 demonstrare
754 1818 817 1843 nec
844 1818 983 1854 possum
1018 1818 1080 1843 nec
1106 1808 1238 1843 studeo.
1289 1808 1403 1844 Attuli
1431 1809 1499 1844 iam
1527 1809 1609 1844 data

197 1868 377 1903 occasione
403 1867 570 1902 nonnulla
597 1870 631 1902 et
657 1869 792 1902 restant
818 1866 920 1912 paulo
947 1866 1059 1912 plura,
1088 1866 1144 1901 ubi
1170 1867 1251 1912 quid
1279 1871 1382 1913 poeta
1408 1871 1545 1902 secutus
1563 1868 1609 1902 sit

197 1931 257 1963 aut
283 1927 399 1962 minus
429 1929 522 1961 certe
555 1925 702 1961 iudicari
734 1929 793 1960 aut
824 1925 1006 1961 diiudicari
1046 1936 1188 1972 prorsus
1227 1936 1295 1960 non
1335 1926 1481 1972 poterit,
1521 1937 1608 1971 quae

196 1986 333 2031 quidem
375 1986 465 2019 mira
504 1995 571 2018 non
599 1984 782 2018 videantur
821 1985 854 2018 in
894 1988 1015 2030 poeta,
1056 1996 1156 2030 quem
1197 1985 1380 2019 verborum
1415 1985 1607 2020 ubertatem

197 2044 463 2090 haudquaquam
505 2042 654 2077 evitasse
693 2043 777 2077 satis
816 2042 884 2077 iam
920 2043 1081 2078 vidimus.
1134 2042 1173 2077 In
1205 2042 1329 2088 quibus
1364 2043 1608 2078 enumerandis

197 2104 326 2150 incipio
366 2115 386 2139 a
413 2115 463 2139 vs.
492 2102 571 2138 libri
600 2103 702 2149 primi
735 2100 868 2150 613114
906 2105 998 2139 unde
1038 2102 1072 2146 (a
1106 2102 1319 2148 primordiis)
1359 2115 1469 2149 neque
1506 2103 1610 2138 avelli

199 2166 386 2210 quicquam
415 2176 526 2210 neque
559 2163 716 2197 deminui
750 2165 823 2198 iam
856 2162 1020 2198 Concedit
1052 2170 1200 2205 natura,
1242 2161 1255 2196 I
1282 2159 1414 2208 985186
1443 2161 1606 2208 (spatium

199 2220 361 2268 summai)
386 2224 543 2270 undique
569 2223 602 2257 si
625 2222 797 2257 inclusum
823 2224 923 2257 certis
950 2223 1148 2257 consisteret
1173 2222 1244 2255 oris
1264 2220 1605 2268 Finitumqueforet‚

198 2281 257 2316 ubi
284 2292 383 2316 versu
410 2282 481 2317 985
509 2286 612 2328 poeta
638 2282 845 2317 sententiam
875 2284 954 2326 apte
981 2282 1050 2315 iam
1078 2280 1291 2323 confecerat3
1327 2281 1389 2315 hoc
1416 2280 1490 2316 loco
1517 2284 1607 2316 cete-

197 2350 274 2374 rum
315 2340 348 2373 id
388 2340 533 2376 fortasse
574 2344 657 2375 nota
696 2341 836 2385 dignum
878 2344 946 2384 est,
990 2339 1132 2373 verbum
1171 2341 1355 2374 consistere
1393 2343 1431 2373 ut
1470 2339 1607 2385 saepius

198 2398 387 2443 eodemque
426 2400 526 2434 modo
566 2403 669 2445 atque
700 2400 806 2435 verba
837 2398 1015 2434 simillima
1046 2405 1155 2442 stare,
1188 2405 1362 2442 constare,
1403 2405 1520 2433 extare
1549 2399 1607 2433 vix
