1835 2765
896 62 941 96 27

212 159 307 195 nicht
332 160 386 195 die
408 161 583 205 geringste
600 159 712 195 Pause
731 181 774 185 --
795 160 841 195 ist
857 159 962 195 ihnen
981 157 1167 204 gestattet'.
1211 159 1302 195 Haec
1321 158 1480 206 exempla
1498 169 1618 205 quam-

213 229 315 264 quam
342 230 485 255 numero
512 219 694 255 verborum
722 218 806 254 locis
834 217 1005 254 similibus
1040 217 1142 265 longe
1175 218 1339 254 inferiora
1371 221 1469 264 sunt,
1501 221 1619 253 tamen

211 290 282 315 rem
317 279 427 325 qualis
460 279 506 315 sit
539 279 624 314 satis
656 278 842 314 ostendunt
871 283 906 314 et
938 277 1076 322 dignam
1106 289 1179 313 eam
1209 289 1283 313 esse
1309 278 1547 314 demonstrant
1573 276 1616 312 ad

211 349 312 383 quam
341 338 473 373 animos
500 338 731 373 advertamus.

309 397 375 433 Sed
408 397 589 433 verborum
622 407 662 432 ac
692 396 869 432 nominum
902 396 1035 433 ratione
1073 396 1211 441 cognita
1241 395 1330 431 hanc
1361 406 1431 431 rem
1464 396 1614 431 nondum

210 457 397 501 perfectam
425 467 499 491 esse
525 456 644 500 liquet.
698 456 784 490 Nam
811 456 889 501 ipsa
916 456 1016 491 huius
1047 456 1257 501 quaestionis
1285 457 1411 489 natura
1436 460 1468 489 et
1498 455 1617 490 ordine

210 526 250 550 eo
281 515 485 550 adducimur
511 517 549 549 ut
574 513 806 561 inquiramus,
841 514 953 561 quoad
985 514 1051 551 huc
1083 514 1282 562 pertineant
1309 513 1555 549 adiectivorum
1583 517 1617 549 et

210 574 450 611 adverbiorum
478 585 565 620 quae
588 586 780 621 synonyma
797 575 1019 611 inveniuntur
1037 575 1220 610 coniuncta
1240 573 1412 620 exempla,
1440 573 1475 608 in
1494 573 1617 618 quibus

210 634 365 680 quidem,
394 637 433 669 ut
458 633 575 668 statim
604 634 684 680 quid
712 634 860 670 iudicem
887 634 1070 681 profitear,
1098 634 1264 669 orationis
1290 632 1437 668 Latinae
1463 643 1545 667 usus
1572 632 1617 667 si-

210 693 300 729 milis
327 697 430 740 atque
455 694 491 729 in
518 694 631 729 verbis
658 697 693 730 et
718 694 915 730 nominibus
945 695 1111 730 exsistere
1138 694 1221 729 mihi
1245 693 1392 729 videtur.
1433 691 1508 734 Qua
1525 692 1560 727 in
1583 703 1619 727 re

209 764 334 798 paucos
361 753 453 787 locos
479 753 651 798 proferam
680 752 765 787 talia
793 764 952 787 monens:
986 753 1086 788 rebus
1115 772 1159 775 —
1181 752 1436 799 pertinentibus
1463 752 1512 786 ad
1536 752 1618 786 bene

208 811 369 858 beateque
401 812 585 846 vivendum
617 810 666 853 (in
699 809 873 845 Ciceronis
900 811 942 846 de
969 810 1090 845 officiis
1116 811 1203 846 libro
1230 810 1286 846 Ic.
1315 812 1348 855 6,
1379 808 1439 856 19)
1465 809 1617 845 allitera-

208 870 301 906 tione
335 870 407 905 vim
441 870 683 905 adverbiorum
717 869 903 905 adiuvante
936 874 970 905 et
996 869 1251 916 copulationem
1278 869 1371 905 illam
1400 869 1497 915 quasi
1523 880 1616 904 com-

207 928 406 973 mendante,
441 936 601 964 accurate
634 941 719 963 sane
749 936 781 963 et
810 930 993 976 diliyenter
1020 927 1100 974 (mit
1127 928 1355 972 eingehender
1382 927 1547 974 Sorgfalt)
1574 930 1616 964 de

207 989 261 1022 dis
292 988 546 1023 immortalibus
572 989 787 1035 disputatum
814 995 862 1023 est
887 986 944 1034 (de
971 991 1040 1023 nat.
1070 987 1163 1023 deor.
1192 987 1218 1022 Ι.
1238 988 1272 1031 6,
1295 988 1371 1032 15),
1400 994 1545 1034 partam
1569 1007 1615 1010 -—

200 1054 487 1094 praesentemque
513 1049 695 1082 victoriam
722 1047 812 1093 apud
839 1048 936 1083 Caes.
964 1047 1000 1081 in
1028 1046 1105 1082 bell.
1133 1047 1198 1081 civ.
1214 1046 1270 1081 Ill.
1293 1047 1349 1092 73,
1373 1048 1408 1090 5,
1435 1054 1473 1081 ut
1497 1060 1538 1081 ea
1562 1060 1616 1082 res

200 1119 376 1153 prospera
403 1114 435 1141 et
460 1107 549 1142 laeta
576 1109 724 1142 eveniret
750 1106 798 1150 (in
827 1106 904 1142 Livi
931 1106 1020 1142 libro
1046 1105 1211 1141 XXXVII
1237 1116 1312 1152 cap.
1340 1106 1399 1150 47,
1419 1106 1455 1150 4,
1480 1118 1535 1140 res
1562 1118 1616 1140 oc-

206 1166 315 1201 cultas
346 1173 378 1201 et
406 1167 545 1212 penitus
578 1166 716 1201 abditas
749 1165 818 1208 (die
856 1165 1212 1209 allerverborgensten
1248 1164 1544 1209 Erscheinungen)
1581 1165 1616 1199 in

206 1222 381 1258 Ciceronis
412 1223 499 1259 libro
536 1224 578 1259 de
609 1227 735 1259 natura
760 1224 854 1259 deor.
884 1224 1013 1270 primo,
1054 1234 1129 1270 cap.
1161 1224 1217 1268 19,
1235 1224 1295 1268 49,
1322 1223 1469 1269 denique
1497 1226 1615 1257 notum

205 1282 290 1317 illud
323 1296 412 1318 unus
439 1291 470 1319 et
494 1285 603 1326 ulem,-
633 1283 686 1318 his
713 1287 829 1319 tamen
858 1284 1018 1329 quamvis
1046 1283 1166 1329 paucis
1192 1287 1271 1329 apte
1298 1294 1339 1318 ea
1365 1286 1617 1329 praeparantur

207 1352 293 1386 quae
324 1340 532 1376 Lucretiana
576 1341 733 1387 exempla
785 1342 928 1377 eandem
974 1352 1045 1376 rem
1088 1342 1173 1376 satis
1214 1341 1383 1387 probabili
1418 1341 1616 1375 testimonio

208 1399 423 1435 confirmant.
474 1399 561 1435 Nam
603 1411 697 1445 cum,
736 1405 774 1435 ut
799 1399 837 1435 L.
866 1399 1052 1436 Muellerus
1080 1400 1175 1450 ‚dicit
1212 1400 1248 1435 in
1281 1400 1368 1436 libro
1401 1400 1442 1435 de
1474 1411 1512 1435 re
1543 1411 1616 1435 me-

205 1460 293 1493 trica
336 1462 515 1503 poetarum
559 1459 780 1503 Latinorum,
821 1460 948 1504 pagina
990 1461 1080 1503 241,
1124 1460 1254 1494 severis
1294 1459 1492 1493 auctoribus
1531 1460 1616 1493 artis

206 1516 388 1563 (poeticae)
424 1528 492 1552 non
528 1517 721 1564 placuerint
754 1518 813 1552 uni
846 1518 1062 1553 substantivo
1096 1518 1177 1553 bina
1211 1517 1336 1553 nedum
1366 1517 1468 1564 plura
1498 1517 1616 1553 addita

205 1577 376 1612 adiectiva
407 1577 475 1612 nisi
506 1577 543 1612 in
577 1577 735 1612 formulis
773 1577 890 1622 quales
928 1578 996 1612 sint
1018 1578 1115 1623 felia:
1138 1578 1370 1624 faustusque,
1404 1580 1517 1613 maius
1547 1591 1615 1613 me-

204 1637 339 1683 liusque
363 1634 609 1682 (alliteratione
636 1636 710 1671 sine
737 1636 841 1671 dubio
868 1633 1101 1682 excusandis),
1129 1636 1208 1671 talis
1235 1637 1401 1672 severitas
1428 1648 1447 1671 a
1472 1635 1612 1671 Lucreti

206 1707 300 1731 more
326 1696 462 1731 dicendi
488 1696 601 1731 aliena
628 1700 690 1741 est,
718 1697 776 1742 qui
804 1697 913 1731 mixto
939 1696 974 1731 in
1001 1696 1212 1731 carminibus
1239 1697 1373 1743 poetico
1401 1696 1514 1731 colore
1534 1707 1611 1731 cum

205 1766 327 1800 prosae
363 1755 528 1790 orationis
563 1755 785 1801 simplicitate
820 1760 855 1791 et
880 1755 1082 1791 elocutionis
1110 1756 1280 1790 oratoriae
1306 1756 1477 1800 gravitate
1503 1756 1537 1790 id
1565 1756 1613 1790 ita

203 1826 270 1849 non
289 1814 418 1849 veritus
445 1817 508 1859 est,
536 1817 573 1849 ut
600 1814 738 1861 saepius
764 1814 831 1850 duo
859 1815 1028 1851 adiectiva
1055 1826 1245 1861 synonyma
1268 1815 1450 1850 coniuncta
1470 1815 1529 1850 uni
1551 1826 1609 1850 no-

205 1874 289 1908 mini
324 1873 502 1917 adiecerit,
538 1874 646 1908 multa
680 1878 795 1908 tamen
823 1886 865 1909 ex
893 1875 946 1909 his
972 1875 1033 1919 ita,
1060 1879 1099 1909 ut
1125 1875 1193 1909 vim
1222 1874 1394 1919 quandam
1422 1875 1612 1909 sententiae

206 1942 244 1967 eo
283 1930 418 1967 efficere
453 1931 601 1967 voluisse
633 1931 803 1967 videatur.
863 1932 937 1968 Hoc
969 1934 1058 1968 enim
1099 1937 1244 1980 apparet
1279 1933 1314 1968 in
1347 1932 1459 1968 verbis
1492 1944 1611 1968 versus

206 1991 218 2027 I
241 1993 312 2028 506
344 2005 414 2027 esse
438 1984 620 2039 utramque
645 1992 714 2027 sibi
732 2005 800 2039 per
824 2005 860 2027 se
879 2005 1081 2040 puramque
1106 2000 1282 2037 necessest,
1311 1992 1510 2038 quibuscum
1530 2003 1610 2027 con-

204 2051 294 2086 ferre
329 2050 462 2086 iuvabit
498 2050 644 2086 similem
682 2050 864 2086 verborum
902 2062 1043 2095 gravem
1080 2052 1345 2087 cumulationem
1389 2052 1422 2086 in
1456 2050 1610 2087 Platonis

206 2110 387 2146 Phaedone
420 2122 453 2157 p.
479 2111 525 2147 66
548 2110 580 2145 Α
602 2110 677 2145 init.
734 2108 811 2147 ἀλλ’
836 2108 922 2161 αῧτῇ
947 2109 1034 2146 καθ’
1057 2110 1169 2157 αὑτὴν
1200 2113 1376 2156 εἰλικρινεῖ
1405 2112 1442 2161 τῇ
1468 2111 1611 2157 διανοίᾳ

204 2169 382 2215 χρώμενος
413 2168 499 2205 αὐτὸ
530 2172 617 2205 καθ’
651 2169 736 2205 αὑτὸ
769 2170 948 2214 εἰλικρινὲς
979 2173 1126 2206 ἕκαστον
1152 2172 1321 2215 ἐπιχειροῖ
1348 2168 1515 2215 θηρεύειν
1542 2173 1612 2207 τῶν

205 2228 336 2269 ὄντων,
371 2228 428 2263 ubi
460 2228 563 2263 adeas
596 2227 879 2271 Stallbaumium;
911 2228 1033 2262 deinde
1060 2229 1096 2263 in
1122 2240 1172 2263 vs.
1201 2228 1214 2262 l
1241 2226 1371 2269 835l36
1399 2241 1415 2263 e
1435 2231 1612 2277 pauxillis

205 2296 308 2335 atque
333 2290 476 2324 minutis
506 2289 649 2324 Ossibus
676 2286 762 2335 (hic)
788 2296 819 2324 et
844 2289 885 2323 de
909 2289 1081 2336 pauxillis
1107 2296 1210 2336 atque
1234 2290 1375 2324 minutis
1401 2289 1610 2335 Visceribus,

205 2347 237 2381 h.
266 2359 294 2382 e.
323 2361 339 2382 e
363 2350 605 2383 minutissimis
624 2349 759 2383 ossibus
778 2355 810 2383 et
825 2349 1063 2383 minutissimis
1081 2348 1283 2391 visceribus,
1312 2352 1384 2382 tum
1405 2348 1439 2383 in
1464 2360 1495 2383 v·
1516 2349 1546 2383 ΙΙ
1564 2350 1610 2384 47

206 2408 301 2453 quod
331 2408 364 2442 si
387 2408 540 2443 ridicula
571 2408 653 2443 haec
692 2408 912 2455 ludibriaque
950 2420 1019 2442 esse
1056 2408 1210 2442 videmus
1249 2410 1283 2441 et
1322 2407 1445 2443 fortius
1486 2407 1611 2444 11985

206 2468 300 2511 quod
330 2469 362 2501 si
392 2468 504 2502 delira
536 2468 618 2502 haec
639 2468 854 2514 furiosaque
880 2469 1049 2502 cernimus
1075 2479 1162 2511 esse,
1195 2467 1279 2501 item
1307 2467 1336 2501 II
1359 2469 1427 2503 149
1455 2468 1611 2503 omnibus
