1835 2765
887 80 934 116 35

209 195 274 228 que
298 181 470 228 loquatur,
506 183 538 216 in
566 181 630 216 hac
656 180 894 216 coniunctione
931 179 973 213 de
1012 179 1124 213 ovium
1166 179 1325 223 gregibus
1356 179 1529 225 cogitavit.
1558 200 1601 204 —

207 239 290 276 Post
317 241 400 276 haee
427 240 586 287 exempla
611 239 696 274 duos
724 239 816 273 locos
842 238 897 273 hic
930 238 1013 271 mihi
1044 240 1194 272 tractare
1232 238 1348 283 liceat,
1388 249 1472 284 quos
1503 242 1603 274 antea

206 300 403 345 omiseram,
429 311 472 335 ne
499 298 664 335 orationis
689 308 810 333 cursus
835 296 991 341 longiore
1023 296 1252 343 explicatione
1282 297 1601 344 interrumperetur.

206 358 332 404 Agitur
358 359 447 394 enim
477 358 592 405 priore
618 356 693 391 loco
719 356 762 392 de
789 367 838 391 vs.
859 355 1026 391 829-31
1054 355 1133 390 libri
1160 354 1189 390 11
1216 366 1236 389 a
1261 355 1432 392 codicibus
1458 358 1506 393 sic
1531 361 1601 393 tra-

204 418 303 455 ditis:

386 468 429 503 Ut
446 469 495 516 fit
518 467 580 501 ubi
603 467 642 500 in
663 478 797 512 parvas
818 467 936 512 partie
963 466 1173 512 disc-emitur
1198 478 1341 500 aurum.-

378 527 547 572 Purpura
573 526 826 571 Poeniceueque
852 525 946 560 color
972 525 1185 559 clariaeimus
1210 525 1316 560 multo

379 585 523 620 Filatim
549 598 625 619 cum
651 585 854 620 distractum
879 591 937 628 eet,
965 585 1181 631 disperditur
1206 586 1326 619 omnio.

301 653 337 686 Iu
365 652 429 687 hoc
456 652 635 687 verborum
663 656 825 686 contextu
852 652 936 686 illud
962 665 1089 686 aurum
1113 652 1148 686 in
1168 653 1269 697 primi
1290 663 1408 687 versus
1433 651 1502 687 fine
1526 663 1601 687 cor-

202 714 343 757 ruptum
372 721 446 746 esse
472 714 632 757 apparet3
663 710 721 745 sed
749 721 891 756 parvum
918 710 954 745 in
981 710 1192 745 emendando
1224 711 1390 746 auxilium
1425 712 1602 757 sequentia

203 770 307 805 verba
323 771 455 815 filatim
482 783 559 805 eum
585 771 788 804 dietractum
814 776 863 803 est
887 768 985 803 nobis
1013 769 1191 814 praebent,
1231 781 1317 814 quae
1348 781 1423 805 cum
1452 770 1519 805 alio
1545 781 1599 805 re-

201 828 285 864 ferri
312 831 501 874 nequeant,
540 828 574 863 id
614 827 795 863 ostendere
829 827 1004 872 videntur,
1043 828 1196 862 neutrius
1233 828 1367 873 generis
1398 828 1597 865 vocabulum

203 892 304 924 antea
335 889 483 934 positum
516 889 622 923 fuisse
655 898 861 933 purpuram,
900 891 938 921 ut
969 899 987 922 e
1025 898 1156 922 conexu
1195 892 1353 933 apparet,
1391 889 1597 932 significans.

203 946 322 992 Neque
349 947 530 992 quicquam
559 946 681 981 melius
707 946 792 980 mihi
819 945 954 980 videtur
980 956 1081 990 quam
1110 946 1199 990 quod
1218 945 1446 981 Wakefieldus
1473 958 1597 993 propo-

203 1005 272 1041 suit
299 1012 446 1051 ostrum,
485 1005 513 1040 si
541 1016 561 1040 a
591 1004 792 1051 posterioris
824 1003 990 1050 temporis
1029 1003 1169 1039 librario
1208 1011 1363 1040 austrum
1401 1004 1484 1041 illud
1510 1008 1597 1042 male

201 1063 403 1111 scriptum1)
428 1065 496 1100 iam
524 1065 559 1099 in
578 1064 762 1110 archetypo
789 1064 824 1098 iu
851 1076 977 1098 aurum
995 1066 1163 1098 mutatum
1188 1064 1294 1098 fuisse
1312 1067 1482 1110 putamus,
1511 1066 1598 1101 unde

200 1123 235 1158 in
262 1126 398 1159 nostros
425 1122 558 1158 codices
586 1122 812 1169 permanavit.
866 1121 932 1157 Sed
959 1125 1115 1157 remanet
1145 1122 1199 1157 hic
1231 1122 1396 1169 quaedam
1423 1123 1459 1158 in
1487 1123 1597 1160 verbis

200 1183 444 1229 componendis
470 1182 671 1225 difficultas3
711 1193 790 1216 nam
818 1193 928 1227 neque
954 1182 1003 1217 sic
1029 1193 1068 1217 ea
1095 1182 1180 1217 bene
1212 1183 1456 1228 expediuntur:
1495 1192 1533 1220 ut
1552 1185 1598 1229 fit

199 1241 261 1276 ubi
284 1243 323 1276 in
343 1254 476 1288 parvas
496 1243 614 1288 partie
641 1242 851 1288 diecerpitur
876 1248 1007 1275 ostrum
1030 1253 1206 1287 purpura,
1227 1243 1478 1289 poeniceusque
1503 1245 1597 1279 color

201 1303 298 1347 etqs.‚
325 1311 435 1346 neque
463 1311 580 1336 versus
608 1300 678 1336 829
705 1311 725 1334 a
764 1299 986 1346 sequentibus
1024 1299 1166 1335 fortiore
1204 1301 1477 1347 interpunctione
1516 1307 1595 1351 apte

201 1363 390 1406 separatur.
441 1359 515 1394 Hae
554 1359 690 1405 quidem
725 1359 760 1393 in
787 1371 825 1394 re
851 1370 890 1394 ea
927 1370 1013 1404 quae
1053 1358 1293 1395 Lachmannus
1325 1363 1359 1395 et
1387 1360 1594 1409 Bernaysius

201 1419 420 1454 coniecerunt
445 1417 680 1454 difficultatem
708 1417 845 1463 tollunt,
872 1428 1015 1464 quorum
1035 1418 1186 1454 virorum
1211 1418 1299 1455 alter
1324 1412 1463 1467 scripsit
1486 1435 1594 1459 aurea

201 1478 287 1513 alter
312 1491 378 1512 usu
403 1481 572 1513 commate
599 1481 677 1523 post
702 1488 886 1524 purpuram
914 1477 1036 1523 posito.
1091 1477 1158 1513 Sed
1190 1489 1266 1513 cum
1299 1479 1419 1524 simul,
1458 1485 1496 1517 ut
1525 1482 1593 1518 alia

201 1536 368 1581 omittam,
395 1547 510 1572 vocem
538 1538 739 1571 distractum
757 1539 888 1571 mutare
910 1541 1085 1580 cogantur,
1111 1537 1176 1570 viri
1202 1536 1285 1571 clari
1313 1548 1333 1572 a
1351 1538 1590 1583 probabilitate

200 1595 310 1640 magis
336 1595 510 1631 recedunt.
563 1594 646 1630 Mihi
673 1595 809 1641 quidem
837 1598 974 1641 accepta
997 1593 1196 1630 Wakefieldi
1222 1596 1417 1632 coniectura
1442 1601 1512 1633 tres
1538 1599 1589 1635 illi

202 1665 320 1689 versus
347 1657 516 1689 commate
534 1657 612 1699 post
629 1664 746 1688 vocem
774 1661 903 1689 ostrum
920 1653 1030 1698 posito
1047 1664 1113 1688 uno
1139 1657 1256 1689 tenore
1270 1655 1429 1690 videntur
1453 1656 1587 1701 legendi

200 1722 287 1756 esse,
314 1711 550 1747 anacoluthiae
576 1712 723 1758 quodam
749 1722 889 1756 genere,
927 1722 1002 1746 cum
1041 1715 1118 1757 post
1143 1712 1247 1747 verba
1277 1720 1315 1748 ut
1341 1714 1387 1758 fit
1411 1716 1587 1760 sequentia

202 1781 267 1806 non
293 1780 355 1816 per
380 1781 416 1806 se
441 1770 518 1816 ipsa
543 1772 635 1806 stare
661 1781 761 1817 posse
779 1774 938 1816 putemus
957 1770 1015 1805 sed
1038 1770 1259 1817 dependentis
1285 1773 1451 1808 enuntiati
1476 1774 1587 1810 forma

200 1841 240 1865 ea
265 1830 394 1876 scripta
419 1832 656 1876 exspectemus
682 1828 735 1876 (ut
750 1830 797 1875 fit
820 1829 882 1865 ubi
907 1849 950 1854 —
979 1837 1119 1875 ostrum,
1145 1838 1182 1866 ut
1205 1844 1367 1879 purpura
1389 1835 1586 1880 poeniceus-

202 1902 266 1936 que
297 1890 391 1924 color
417 1908 462 1913 —-
490 1890 711 1935 dieperqatur
743 1886 885 1934 omnis),
925 1889 961 1923 id
999 1892 1114 1924 tamen
1151 1889 1311 1935 loquendi
1349 1892 1480 1927 ratione
1518 1904 1585 1929 non

200 1958 354 1994 prorsus,
383 1947 450 1983 nisi
482 1947 597 1993 fallor,
635 1946 782 1982 insolita.
835 1946 990 1992 Namque
1029 1947 1146 1984 eadem
1186 1952 1238 1984 est
1273 1960 1327 1985 res
1364 1950 1399 1985 in
1430 1951 1583 1987 versibus

203 2007 367 2043 145—47
394 2006 473 2042 libri
499 2006 604 2041 sexti:
1610 2010 1612 2012 '

372 2065 434 2100 Fit
458 2074 604 2111 quoque,
630 2063 692 2098 ubi
715 2076 732 2098 e
756 2063 842 2097 nubi
864 2065 904 2097 in
927 2063 1050 2098 nubem
1073 2067 1126 2099 vie
1150 2067 1275 2101 incidit
1298 2067 1421 2101 ardens

372 2124 557 2168 Fulminis,
584 2123 666 2158 haec
689 2122 795 2157 multo
820 2123 853 2157 ei
865 2121 964 2168 forte
988 2135 1106 2158 umore
1129 2126 1257 2171 recepit
1307 2141 1310 2143 ¹

373 2183 503 2230 Iynem,
531 2184 690 2218 continuo
715 2193 839 2228 mwyno
866 2181 1013 2216 clamore
1037 2184 1199 2227 trucidat,

200 2242 258 2278 ubi
283 2244 361 2289 post
384 2241 588 2288 interposita
611 2240 672 2276 illa
695 2240 757 2276 ubi
780 2259 825 2264 —
841 2240 1007 2286 fulminis
1032 2242 1210 2286 sequentia
1234 2242 1421 2287 legitimum
1440 2253 1581 2291 compo·

199 2300 334 2337 sitionis
359 2301 426 2337 iter
450 2311 517 2337 non
542 2300 782 2347 ingrediuntur
806 2297 884 2347 (nos
908 2310 1052 2346 aequum
1078 2300 1114 2336 in
1139 2301 1275 2337 modum
1303 2304 1434 2339 vertere
1460 2314 1581 2350 possu-

296 2436 318 2473 1)
339 2434 376 2465 of.
398 2436 525 2466 Corssen
551 2435 668 2474 „Ueber
687 2434 886 2473 Ausspraehe,
906 2434 1096 2465 vokalismus
1115 2435 1177 2465 und
1197 2436 1357 2475 Betonung
1377 2436 1432 2467 der
1450 2438 1579 2469 Lateini-

199 2483 291 2514 seben
310 2483 460 2522 spuet&
481 2485 554 2516 edit.
575 2485 603 2515 11
625 2485 748 2522 1868s70
766 2485 853 2516 vol.1
872 2493 941 2523 pag.
954 2484 1011 2514 660
1030 2484 1131 2515 adnot.

1367 2535 1405 2565 3.
