1835 2765
916 49 964 84 30

232 148 413 193 lumenque
440 147 622 189 diurnum,
657 144 763 180 solem
792 146 826 180 in
854 147 1000 190 caligine
1027 156 1144 190 caeca,
1171 147 1270 180 nocte
1296 144 1411 179 lumen
1441 145 1508 180 diei
1536 146 1644 181 videri

231 204 361 241 efficaci
387 204 562 240 contrario
590 205 796 250 enuntiavit,
824 217 935 252 neque
961 216 1028 241 non
1056 204 1272 250 agnoscenda
1300 207 1352 239 est
1378 204 1457 239 talis
1480 205 1645 240 orationis

230 264 457 310 aequabilitas
488 264 525 299 in
556 264 712 300 versibus
746 263 773 298 V
800 266 870 301 637
880 266 982 301 --40
1008 268 1126 311 aperte
1153 264 1321 300 meditata
1347 266 1450 310 atque
1477 264 1643 309 quaesita.

327 323 513 359 Praeterea
554 324 607 359 hic
641 335 776 370 quoque
802 324 969 359 nonnulla
996 327 1133 369 extant,
1173 335 1260 370 quae
1287 323 1361 358 sine
1388 323 1540 369 pondere
1567 333 1644 358 sen-

229 383 358 418 tentiae
386 383 420 418 in
448 383 516 419 fine
542 395 663 419 versus
690 383 854 430 copulata
880 395 898 419 e
926 384 1026 419 metri
1054 384 1202 429 quadam
1229 384 1363 419 ratione
1390 385 1465 418 orta
1486 383 1645 419 videntur

229 453 304 477 esse
339 445 374 478 et
406 443 448 478 de
482 442 621 488 quibus,
662 446 699 477 ut
726 443 759 477 in
788 442 958 478 similibus
986 443 1168 478 verborum
1197 442 1364 489 exemplis
1390 442 1459 476 iam
1487 442 1644 487 exposui,

229 501 293 536 hoc
320 504 454 536 tantum
484 501 551 536 dici
580 501 705 547 poterit
730 505 868 547 poetam
888 501 949 536 tali
969 512 1089 536 vocum
1109 502 1349 538 coniunctione
1367 501 1645 537 commodissime

230 564 378 596 metrum
419 560 621 605 explevisse.
674 559 749 594 Hoc
788 570 865 595 mea
895 560 1068 595 sententia
1102 560 1151 595 eis
1185 572 1269 606 quos
1296 561 1366 596 iam
1393 560 1533 596 afferam
1559 560 1645 595 locis

227 619 330 655 facile
372 619 534 664 elucebit,
578 618 612 653 in
652 628 797 663 quorum
839 618 959 654 ordine
998 619 1233 655 enumerando
1273 620 1424 667 primum
1465 619 1643 655 nominum

229 679 388 725 exempla
415 678 580 714 tractabo.
622 677 711 713 Sunt
737 679 828 714 enim
858 678 956 714 haec:
985 679 1066 714 174
1093 686 1197 727 atque
1224 693 1322 715 omne
1344 682 1547 715 immensum
1562 692 1644 726 per-

228 741 368 786 aqravit
397 745 506 773 mente
544 739 748 785 animoque,
788 737 847 773 ubi
881 751 974 773 mens
1006 742 1039 774 et
1065 741 1203 774 animus
1229 738 1332 785 plane
1359 750 1567 785 synonyma,
1607 744 1645 773 ut

228 797 381 842 videtur,
413 809 433 831 a
459 796 621 832 Lucretio
652 797 877 844 copulantur,
911 808 1021 843 neque
1048 797 1103 833 hic
1130 798 1239 833 solum
1268 797 1329 833 sed
1356 798 1459 833 etiam
1487 797 1644 844 pluribus

226 856 328 901 locis,
368 867 454 902 quos
493 856 610 891 statim
653 857 715 892 sub
755 868 821 892 uno
855 868 981 903 ponam
1015 861 1217 903 conspectu,
1257 868 1299 892 ne
1331 857 1374 892 ad
1401 857 1543 892 eandem
1571 868 1642 891 rem

226 915 364 961 saepius
402 915 517 950 redire
555 926 671 960 cogar.
725 915 821 957 Quod
862 915 905 950 ad
937 916 1118 961 utriusque
1151 915 1307 951 vocabuli
1334 916 1538 951 sententiam
1567 926 1644 961 per-

226 975 331 1020 tinet,
360 985 457 1010 mens
485 985 567 1020 pars
593 979 646 1010 est
673 974 796 1019 animi,
824 974 915 1020 quod
942 974 1061 1010 Cicero
1089 978 1209 1022 aperte
1236 974 1321 1010 dicit
1346 975 1382 1010 in
1408 974 1496 1010 libro
1523 974 1564 1009 de
1591 985 1644 1009 re-

226 1033 366 1081 publica
401 1034 528 1079 altero,
560 1045 635 1080 cap.
660 1035 725 1079 40,
759 1034 794 1069 in
822 1034 936 1069 verbis
964 1048 1004 1070 ea
1030 1048 1119 1081 quae
1146 1035 1227 1070 latet
1251 1037 1291 1069 in
1315 1036 1442 1069 animis
1467 1035 1645 1069 hominum

228 1106 387 1140 quaeque
407 1106 498 1140 pars
524 1095 637 1128 animi
660 1106 754 1128 mene
779 1100 942 1135 vocatur,-
974 1104 1076 1139 porro
1103 1096 1216 1128 autem
1245 1093 1395 1136 animus,
1423 1096 1461 1127 ut
1489 1093 1540 1128 vis
1566 1104 1644 1127 sen—

226 1152 353 1198 tiendi,
393 1164 470 1188 cum
504 1156 636 1197 mente,
678 1156 715 1188 ut
746 1153 778 1187 vi
812 1152 1053 1197 intellegendi,
1092 1152 1141 1187 ita
1168 1152 1348 1198 copulatus
1375 1152 1566 1197 invenitur,
1607 1155 1645 1187 ut

227 1212 466 1257 coniungendo
499 1222 618 1246 omnes
645 1212 751 1246 animi
779 1214 895 1257 partes
921 1212 1044 1246 fortius
1071 1210 1327 1256 significentur;
1366 1211 1409 1246 cf.
1437 1210 1534 1246 Caes.
1564 1210 1641 1246 bell.

227 1270 316 1306 Gall.
344 1270 358 1306 I
391 1272 437 1306 39
476 1278 514 1306 ut
551 1268 684 1316 (timor)
723 1283 792 1306 non
832 1272 1050 1305 mediocriter
1089 1272 1243 1305 omnium
1280 1277 1407 1305 mentes
1440 1272 1643 1318 animosque

225 1330 462 1377 perturbaret,
502 1330 585 1365 item
623 1329 669 1364 Vl
708 1330 753 1373 5,
794 1329 871 1365 bell.
904 1330 969 1365 civ.
1003 1329 1017 1364 I
1057 1330 1115 1374 21,
1166 1329 1448 1365 Doederleinium
1488 1330 1524 1365 in
1563 1330 1643 1365 libri

227 1393 329 1425 antea
356 1389 487 1424 laudati
514 1389 581 1424 vol.
602 1388 641 1424 V.
670 1400 705 1435 p.
724 1386 844 1435 94s95.
890 1389 1020 1424 Tamen
1047 1389 1114 1424 duo
1141 1389 1248 1424 animi
1276 1392 1310 1424 et
1333 1389 1458 1424 mentis
1478 1389 1644 1425 vocabula

225 1460 330 1495 saepe
364 1452 496 1484 mutata
524 1460 597 1483 esse
623 1447 806 1483 Lucretius
832 1449 907 1494 ipse
933 1449 1018 1483 dicit
1045 1448 1091 1483 III
1118 1449 1164 1483 94
1188 1450 1344 1495 primum
1370 1451 1525 1483 animum
1551 1451 1641 1494 dico,

224 1517 369 1544 mentem
396 1521 501 1556 quam
526 1521 627 1556 saepe
651 1521 814 1543 vocamus
842 1512 876 1543 et
902 1507 1070 1554 probatur
1097 1508 1160 1543 hoc
1186 1507 1404 1543 Lucretianis
1427 1507 1642 1553 aliorumque

224 1568 432 1613 scriptorum
460 1570 514 1602 sat
539 1567 658 1602 multis
684 1567 768 1601 locis
797 1567 854 1601 ubi
882 1566 1019 1601 abunde
1046 1567 1229 1601 coniuncta
1256 1570 1394 1610 extant,
1429 1567 1523 1601 velut
1550 1567 1641 1613 apud

223 1626 422 1662 Lucretium
464 1626 500 1661 in
531 1637 581 1661 vs.
609 1626 655 1661 III
690 1627 758 1661 139
793 1627 996 1670 consilium,
1038 1627 1132 1672 quod
1161 1638 1225 1660 nos
1251 1627 1406 1660 animum
1431 1632 1643 1673 mentemque

222 1700 397 1731 vocamus,
429 1687 498 1721 142
524 1687 580 1721 hic
606 1699 686 1733 erqo
712 1699 808 1721 mens
834 1687 1083 1732 animusquest,
1113 1685 1182 1720 398
1210 1687 1283 1720 sine
1309 1692 1417 1720 mente
1442 1687 1640 1733 animoque,

223 1748 295 1782 402
324 1748 382 1781 cui
405 1758 500 1781 mens
527 1748 734 1792 animusque
758 1747 943 1787 remansit,·
970 1745 1053 1779 item
1073 1743 1191 1780 Cicero
1217 1744 1370 1790 loquitur
1396 1744 1438 1780 de
1456 1749 1526 1780 nat.
1547 1746 1639 1781 deor.

223 1805 248 1841 l.
280 1806 335 1850 14,
363 1806 423 1850 37,
457 1805 481 1840 I.
512 1805 568 1849 15,
597 1806 642 1840 39
670 1806 852 1839 universae
877 1811 1025 1839 naturae
1051 1806 1167 1839 animo
1195 1811 1297 1850 atque
1321 1811 1430 1839 mente
1462 1804 1536 1846 (ubi
1562 1805 1641 1841 vide

223 1864 456 1900 Schoemanni
475 1864 619 1907 notam),
647 1862 748 1898 Catil.
777 1863 801 1897 Ι.
834 1866 890 1906 11,
918 1863 961 1897 27
992 1867 1025 1897 et
1051 1863 1142 1907 apud
1162 1864 1274 1909 ipsum
1295 1862 1486 1907 Vergilium
1506 1863 1639 1898 duobus

222 1923 307 1958 locis
340 1934 380 1958 ea
414 1923 627 1967 invenimus,
663 1922 698 1956 in
727 1923 812 1956 Aen.
841 1921 854 1956 I
882 1923 953 1957 304
980 1924 1135 1957 animum
1159 1929 1371 1968 mentemque
1396 1922 1581 1969 beniqnam
1607 1926 1641 1957 et

223 1982 268 2018 VI
299 1985 337 2018 11
368 1994 535 2029 magnam
564 2003 606 2007 —
633 1988 778 2016 mentem
805 1983 1027 2028 animumque
1054 2004 1100 2007 —
1126 1983 1298 2028 inspirat,
1329 1992 1424 2016 mera
1449 1981 1640 2025 tautologia

222 2042 337 2087 posita
375 2044 413 2076 ut
450 2040 542 2086 apud
576 2039 758 2074 Horatium
800 2040 834 2074 in
861 2040 961 2086 epist.
990 2040 1014 2074 Ι.
1049 2041 1103 2084 14,
1131 2042 1152 2075 8
1185 2053 1279 2074 mens
1311 2042 1518 2086 animusque
1544 2040 1637 2075 Fert.

224 2099 334 2146 Saepe
373 2100 477 2135 etiam
511 2099 595 2134 haec
627 2109 695 2133 non
726 2099 981 2144 coniunguntur
1007 2100 1098 2133 inter
1125 2110 1160 2133 se
1188 2099 1248 2134 sed
1275 2098 1380 2133 simili
1408 2098 1639 2133 abundantiae

223 2170 348 2203 genere
374 2160 554 2204 genetivus
581 2160 695 2194 animi
720 2170 739 2193 a
765 2159 891 2194 mentis
918 2159 1056 2194 nomine
1083 2158 1211 2204 pendet
1233 2168 1301 2193 non
1326 2158 1436 2193 solum
1460 2157 1551 2204 apud
1569 2157 1638 2193 Lu-

224 2218 367 2252 cretium
393 2219 486 2254 velut
505 2218 552 2253 III
571 2219 642 2253 613
666 2220 778 2253 animi
794 2239 840 2243 —
858 2231 953 2253 mens
972 2218 1235 2263 consiliumque,
1264 2216 1309 2251 IV
1330 2218 1399 2253 756
1416 2230 1511 2252 mens
1528 2219 1640 2252 animi

223 2278 358 2324 viyilat,
386 2277 414 2312 V
436 2278 517 2323 149,
544 2277 591 2312 VI
621 2278 726 2322 1181,
754 2278 813 2313 sed
841 2278 945 2313 etiam
975 2276 1066 2323 apud
1095 2276 1179 2311 alios
1207 2279 1338 2322 poetas,
1367 2276 1457 2322 apud
1476 2275 1636 2312 Plautum

223 2338 259 2371 in
283 2335 478 2372 Cistellaria
503 2337 543 2372 Il.
576 2339 607 2381 1,
634 2338 669 2382 6,
696 2337 731 2371 in
756 2336 903 2383 Epidico
930 2336 988 2371 IV.
1022 2339 1052 2379 l,
1078 2337 1112 2379 4,
1140 2336 1231 2381 apud
1250 2335 1424 2370 Catullum
1442 2335 1479 2370 in
1497 2333 1636 2379 carm.*)

322 2422 354 2460 ὕ)
375 2422 412 2452 cf.
428 2423 601 2453 Mum-onem
623 2422 662 2453 ad
682 2433 711 2453 v.
727 2423 773 2453 III
788 2424 846 2453 615
867 2427 898 2453 et
920 2421 1033 2452 [esseni
1054 2420 1176 2451 librum:
1198 2422 1313 2467 Lucrez
1335 2430 1363 2451 u.
1379 2422 1443 2451 sein
1465 2421 1636 2453 Verbaltnis

223 2482 262 2503 zu
284 2472 384 2503 Catull
406 2481 436 2502 u.
453 2471 598 2509 Spateren
619 2482 650 2510 p.
667 2474 712 2501 12.
733 2489 770 2494 —
