1835 2765
834 48 879 88 79

153 152 316 187 concessit
346 152 384 187 in
417 151 541 197 altum,
580 152 635 187 cui
666 152 701 187 in
732 162 833 186 versu
866 150 980 197 priore
1011 151 1196 198 respondet
1224 153 1422 200 partimque
1445 152 1554 199 foras

152 212 255 246 eiecta
290 214 443 256 recessit,
490 211 517 245 V
554 212 645 247 1096
685 213 893 258 exprimitur
929 211 1056 245 validis
1095 213 1237 247 eoetritus
1278 212 1408 247 viribus
1447 214 1550 259 iynis,

152 268 198 303 IV
219 271 312 306 1034
341 272 435 317 quod
451 271 555 305 simul
572 277 674 316 atque
691 272 763 305 suis
781 271 923 304 eiectum
939 269 1076 304 sedibus
1095 272 1175 313 eoeit,
1202 270 1247 304 Vl
1264 272 1334 306 496
1353 270 1434 316 (quo
1453 275 1552 317 pacto

150 327 287 374 pluvius
315 330 426 375 umor)
454 332 491 365 in
519 337 629 365 terras
656 330 824 365 demissus
842 335 880 364 ut
896 328 1006 363 imber
1023 329 1184 373 Decidat,
1212 331 1402 376 expediam,
1430 330 1552 366 deinde

152 387 196 422 VI
232 387 361 435 122s23
396 389 545 433 (moenia
578 388 694 423 mundi
727 386 904 433 videntur)
938 388 1073 423 divolsa
1104 395 1241 435 repente
1274 409 1316 413 —-
1351 391 1552 433 dissiluisse,

151 445 196 481 III
218 448 290 483 475
321 450 359 483 in
391 461 495 484 venas
527 449 683 483 discessit
708 448 839 482 diditus
866 448 990 491 ardor,
1026 444 1221 493 111636s37
1249 446 1394 493 (anima)
1420 450 1553 496 disper—

151 507 214 541 tita
246 527 292 531 —
323 508 370 544 E't
407 509 553 543 discissa
587 508 692 543 simut
722 520 799 542 cum
830 520 974 555 corpore
1007 508 1219 552 dissicietur,
1261 507 1341 542 item
1374 507 1418 542 III
1447 506 1550 555 700s'1

150 566 351 613 dispertitus
378 587 423 591 —
451 567 546 601 cibus
572 568 610 601 in
636 567 785 602 membra
812 574 915 614 atqu-e
940 574 1037 602 artus
1063 580 1140 601 cum
1163 568 1308 611 diditur,
1338 566 1366 601 si
1385 571 1552 603 commate

149 628 230 670 post
256 636 372 661 vocem
401 627 495 661 cibus
522 626 633 661 deleto
661 626 851 672 simplicius
877 637 998 661 versus
1028 627 1098 662 700
1125 629 1159 661 et
1186 627 1251 661 701
1282 626 1315 661 in
1343 637 1447 662 unam
1476 638 1552 662 sen-

149 684 292 718 tentiam
320 685 520 729 redigimus,
547 685 693 730 denique
719 685 748 719 V
777 687 870 720 1198
896 698 958 720 nec
978 686 1205 732 procumbere
1229 687 1325 721 humi
1338 694 1552 732 prostratum

149 749 180 777 et
203 744 361 790 pandere
389 745 540 791 palmas.
584 764 625 768 —
665 743 729 778 His
769 743 936 790 exemplis
974 744 1107 780 accedit
1146 756 1164 780 e
1204 744 1289 780 libro
1328 746 1430 781 tertio
1470 759 1551 781 con-

140 803 253 848 flatur
283 823 329 827 —
364 817 525 838 accensus
559 823 605 827 ——
638 816 755 838 sensus
787 802 834 837 ΙΙΙ
860 805 946 847 336,
977 803 1035 838 ubi
1069 804 1219 839 animum
1255 805 1473 840 advertamus
1507 805 1549 840 ad

149 860 224 896 soni
250 861 510 897 similitudinem
539 862 574 897 in
600 862 714 897 verbis
741 875 901 897 accensus
929 865 962 896 et
986 875 1102 897 sensus
1133 863 1205 898 sine
1224 863 1326 899 dubio
1345 865 1548 910 quaesitam,

149 923 183 955 et
221 932 307 966 quae
343 921 404 956 tali
437 921 602 956 orationis
635 924 756 956 ornatu
791 924 921 955 carent:
957 920 1002 955 ΙΙΙ
1029 922 1099 956 698
1129 921 1271 968 (anima)
1298 937 1372 958 cum
1405 937 1549 971 corpore

138 980 230 1026 susa
260 978 308 1026 (h.
337 992 364 1016 e.
400 981 559 1015 exhalata
592 980 634 1014 cf.
669 979 715 1015 ΙΙΙ
746 977 853 1025 1031)
882 980 1028 1027 peribit,
1063 979 1109 1014 ΙΙΙ
1138 982 1207 1015 715
1239 984 1292 1015 sin
1324 984 1373 1017 ita
1404 980 1547 1027 (anima)

148 1041 291 1075 sinceris
327 1040 488 1075 membris
526 1040 644 1075 ablata
678 1039 841 1087 profuerit
873 1038 1059 1084 eademque
1093 1040 1261 1075 sententia
1295 1040 1340 1075 III
1371 1042 1441 1077 439
1473 1055 1549 1077 cum

148 1099 250 1134 semel
274 1112 315 1134 ea:
340 1100 489 1134 hominis
514 1099 674 1133 membris
701 1099 819 1133 ablata
842 1100 980 1133 recessit
1005 1097 1206 1143 quibuscum
1235 1099 1388 1134 conferas
1423 1100 1450 1133 V
1477 1101 1548 1136 413

147 1159 228 1193 inde
259 1158 319 1194 ubi
348 1160 400 1194 vis
432 1159 552 1206 aliqua
586 1160 721 1193 ratione
751 1170 874 1192 aversa
904 1159 1058 1203 recessit,
1092 1157 1214 1193 deinde
1242 1157 1288 1193 ΙΙΙ
1310 1159 1376 1194 188
1404 1162 1549 1195 momine

148 1219 201 1252 uti
222 1230 333 1264 parvo
356 1220 495 1265 possint
520 1218 674 1264 impulsa
699 1219 840 1260 moveri,
868 1217 935 1251 nisi
961 1217 1017 1251 hic
1043 1221 1079 1251 ut
1106 1217 1136 1251 ΙΙ
1166 1219 1233 1252 136
1259 1218 1383 1252 ictibus
1409 1220 1549 1253 illorum

147 1278 255 1311 caecis
280 1277 433 1324 impulsa
459 1278 592 1311 cientur
618 1279 651 1311 et
677 1275 707 1311 ΙΙ
727 1276 797 1311 272
823 1276 968 1323 impulsi
986 1277 1209 1323 procedimus
1234 1278 1305 1311 ictu
1326 1277 1547 1324 participium

145 1337 315 1384 impulsus
346 1348 413 1372 non
448 1336 489 1372 de
520 1340 614 1372 motu
649 1336 707 1372 sed
738 1336 780 1372 de
813 1336 881 1372 ictu
915 1336 1067 1383 accipere
1098 1337 1206 1372 mavis
1241 1337 1411 1372 sententia
1439 1337 1549 1384 poetis

146 1395 235 1431 haud
262 1396 449 1441 incognita.
502 1395 537 1431 In
565 1396 652 1431 libro
678 1395 724 1430 IV
751 1399 885 1431 extant:
912 1394 1124 1441 (simulacra)
1150 1398 1187 1430 in
1215 1403 1354 1431 cunctas
1371 1398 1549 1432 iaciuntur

145 1456 258 1490 didita
279 1457 397 1503 partis
424 1455 458 1490 in
485 1466 516 1489 v.
536 1455 618 1499 238,
646 1454 769 1490 deinde
797 1467 884 1501 quae
911 1457 1064 1505 confiunt
1088 1468 1129 1490 ea:
1153 1456 1275 1490 horum
1290 1456 1396 1501 facta
1414 1458 1546 1505 fiyuris

147 1516 235 1559 736,
269 1516 457 1550 introrsum
487 1528 573 1561 pars
607 1514 727 1549 abdita
753 1515 851 1549 cedat
877 1515 946 1549 942
975 1514 1005 1548 h.
1034 1525 1063 1549 e.
1090 1514 1239 1549 abdatur
1265 1522 1295 1549 et
1320 1516 1419 1550 cedat
1443 1515 1485 1550 cf.
1515 1527 1544 1550 v.

148 1574 241 1610 1235
267 1571 414 1620 (semen)
440 1580 635 1609 revocatum
661 1575 748 1609 cedit
773 1573 903 1609 abortu.
957 1572 1101 1608 Restant
1126 1584 1144 1608 e
1170 1573 1257 1608 libro
1277 1572 1322 1608 VI
1349 1586 1436 1621 quae
1463 1587 1543 1609 con-

146 1634 216 1668 lata
237 1634 355 1679 foris,
390 1642 420 1669 et
450 1635 646 1677 commoda,
681 1646 824 1680 cumque
855 1635 1007 1668 venirent
1036 1633 1070 1668 in
1104 1645 1134 1667 v.
1168 1633 1225 1677 19,
1261 1644 1348 1678 quae
1375 1634 1545 1669 sententia

145 1691 336 1737 simplicius
368 1692 416 1727 sic
443 1693 695 1727 enuntiaretur:
732 1705 964 1739 quaecumque
990 1694 1167 1727 commoda
1186 1692 1286 1737 foris
1313 1695 1540 1737 convenirent,

146 1750 190 1786 VI
209 1751 278 1786 667
305 1752 396 1786 unde
414 1758 552 1798 repente
570 1758 672 1798 queat
688 1752 786 1787 tellus
806 1764 969 1787 concussa
986 1753 1125 1796 moveri,
1153 1754 1327 1797 postremo
1347 1750 1392 1786 VI
1412 1749 1544 1798 732l33

146 1809 279 1854 (nubes)
313 1812 360 1845 ad
388 1811 536 1845 mediam
561 1812 736 1857 reqionem
761 1812 865 1845 eiecta
891 1809 941 1856 (in
968 1821 1067 1845 versu
1094 1810 1209 1856 priore
1236 1810 1324 1845 dixit
1355 1809 1544 1856 coniciunt)

145 1882 222 1904 cum
248 1876 487 1905 convenerunt.

242 1928 325 1964 Cum
359 1929 412 1963 his
439 1928 606 1974 exemplis
633 1939 672 1963 ea
700 1931 817 1974 aperte
844 1928 1083 1973 coniungenda
1110 1932 1205 1974 sunt,
1236 1929 1294 1965 ubi
1322 1929 1542 1975 participium

145 1998 211 2022 non
242 1987 383 2034 perfecti
417 1987 546 2034 passivi
580 1987 636 2021 sed
670 1987 765 2022 verbi
798 1987 1001 2033 deponentis
1034 1988 1218 2023 invenitur.
1275 1988 1361 2023 Nam
1397 1999 1433 2023 re
1467 1988 1543 2034 ipsa

145 2047 231 2083 tales
262 2046 326 2083 loci
359 2058 426 2082 non
459 2045 634 2082 differunt:
668 2046 697 2082 ΙΙ
724 2046 795 2082 549
821 2048 911 2082 unde
940 2047 1003 2082 ubi
1026 2060 1097 2094 qua
1123 2049 1160 2083 vi
1183 2055 1214 2083 et
1240 2060 1305 2094 quo
1327 2054 1433 2095 pacto
1461 2061 1542 2083 con-

142 2120 261 2154 ¹(fressa
288 2107 425 2143 coibunt
450 2108 484 2141 et
509 2106 582 2141 sine
608 2106 838 2141 alliteratione
863 2106 909 2141 IV
931 2107 998 2142 142
1019 2105 1231 2152 (simulacra)
1248 2108 1365 2153 fluant
1382 2108 1424 2142 ab
1442 2108 1543 2143 rebus

145 2168 312 2215 lapsaque
343 2167 480 2210 cedant,
516 2165 562 2200 VI
590 2166 682 2200 1005
714 2163 931 2211 (primordia)
966 2167 1004 2200 in
1034 2179 1180 2200 vacuum
1209 2166 1381 2214 prolapsa
1415 2168 1544 2202 cadunt

144 2237 253 2272 neque
280 2226 347 2261 alia
372 2237 427 2261 res
454 2228 506 2260 est
530 2224 543 2259 I
561 2225 582 2259 5
604 2226 750 2271 visitque
767 2232 921 2260 exortum
940 2225 1071 2259 lumina
1089 2226 1184 2269 solis,
1213 2236 1288 2260 cum
1308 2226 1441 2261 lumina
1459 2227 1544 2262 solis

143 2287 251 2321 visere
282 2285 443 2322 nascendi
477 2283 759 2330 significationem
794 2283 910 2331 lepida
943 2288 977 2318 et
1007 2283 1106 2319 valde
1139 2284 1273 2330 poetica
1304 2284 1456 2330 imagine
1485 2297 1544 2321 ex-

145 2344 293 2391 primere
327 2356 444 2382 versus
471 2344 502 2381 II
527 2345 596 2381 577
625 2345 709 2380 satis
736 2343 903 2389 declaret,
930 2342 944 2378 Ι
970 2344 1037 2379 187
1064 2341 1098 2390 (e
1123 2344 1232 2389 terra)
1260 2351 1380 2380 exorta
1406 2353 1546 2394 repente

144 2405 286 2440 arbusta
317 2406 477 2449 salirent,
519 2404 548 2440 ΙΙ
574 2402 703 2448 ’792193
734 2405 923 2452 proclivius
956 2405 1152 2439 exorientur
1184 2405 1344 2440 Candida
1375 2406 1416 2441 de
1447 2407 1542 2442 nullo

145 2477 248 2512 quam
273 2466 374 2511 niyro
400 2472 483 2500 nata
511 2465 634 2509 colore,
662 2463 707 2499 VI
728 2464 820 2500 1098
846 2461 912 2510 (vis
939 2463 1133 2498 morborum
1162 2462 1417 2511 pestilitasque)
1443 2479 1543 2512 saepe
