1835 2765
863 42 901 75 11

181 137 383 173 militarium
409 139 445 173 in
472 139 546 173 foro
573 138 649 173 sitis
682 137 913 184 subscriptum
948 138 1089 182 legisset
1120 152 1161 174 ex
1185 139 1377 183 manubiis,
1411 150 1451 173 ex
1480 137 1587 173 comi-

179 196 271 232 tibus
311 197 539 243 quaesivisse,
579 197 661 242 quid
692 196 832 242 proprie
871 195 1108 241 significarent
1139 198 1333 232 manubiae.
1387 197 1478 239 Quas
1505 207 1583 232 cum

180 267 268 291 unus
295 268 337 291 ex
364 255 432 291 illis
453 257 628 304 praedam
654 256 902 301 interpretatus
930 258 1036 300 esset,
1067 254 1275 290 Favorinum
1307 267 1464 301 rogasse,
1501 266 1583 290 num

180 315 287 359 igitur
314 315 364 349 illi
382 314 429 349 M.
450 315 581 349 Tullius
608 316 642 349 in
670 314 827 349 oratione
853 314 895 349 de
912 314 987 358 lege
1006 314 1143 358 agraria
1162 318 1282 349 contra
1299 314 1435 350 Rullum
1454 315 1584 358 habita,

179 384 256 408 cum
284 373 464 408 manubias
490 372 639 418 praedae
666 372 855 416 subiceret,
888 372 1013 417 frigide
1043 375 1078 407 et
1110 373 1226 418 inepte
1257 373 1341 408 haec
1366 373 1584 407 coniunxisse

180 432 365 467 videretur.
418 431 473 466 Ad
512 431 596 466 haec
633 431 692 466 ille
725 442 803 466 cum
842 431 1080 477 respondisset
1115 442 1218 478 saepe
1255 431 1309 466 vel
1348 441 1369 466 a
1394 432 1503 477 poetis
1530 431 1583 467 vel

179 490 373 525 oratoribus
406 488 546 525 Graecis
579 493 613 525 et
643 489 808 525 Romanis
847 490 1065 526 venerandae
1103 494 1138 525 et
1176 490 1350 525 ornandae
1384 490 1435 524 rei
1473 490 1584 534 gratia

179 549 311 585 duobus
337 560 441 584 unam
469 549 680 596 eandemque
707 561 779 585 rem
808 550 1007 597 pluribusve
1033 550 1230 586 nominibus
1258 549 1460 594 instaurari,
1480 568 1525 573 —
1551 552 1586 584 et

179 609 254 654 ipse
280 608 387 652 igitur
413 612 568 643 oratores
596 612 630 644 et
656 612 777 655 poetas
804 610 894 644 inter
920 621 957 644 se
982 610 1162 644 conferens
1189 630 1235 634 —
1263 609 1475 644 Favorinum
1502 608 1584 653 quid

178 666 303 713 igitur,
344 667 572 713 quaesivisse,
606 667 722 702 valere
754 667 840 703 banc
870 668 1111 714 repetitionem
1145 668 1297 703 eiusdem
1330 668 1380 703 rei
1407 668 1442 702 in
1472 666 1584 702 verbis

177 727 365 761 manubiae
391 729 425 761 et
445 728 586 774 praeda
615 726 651 760 in
683 726 837 761 oratione
864 726 1060 762 Ciceronis?
1098 738 1178 762 num
1212 738 1287 762 eam
1319 726 1583 762 modulatiorem

179 785 416 830 aptioremque
448 784 614 819 reddere?
652 795 734 818 num
768 785 933 819 onerandi
959 785 1013 819 vel
1040 786 1272 830 exprobrandi
1298 785 1453 820 criminis
1479 796 1585 820 causa

179 844 480 887 exaggerationem
499 843 650 888 aliquam
679 843 867 887 speciosam
894 843 1030 878 facere?
1068 843 1182 889 Atque
1210 844 1293 879 haec
1312 855 1373 890 per
1399 843 1583 879 nonnullos

179 906 360 948 poetarum
388 906 422 937 et
449 906 623 936 oratorum
651 903 742 937 locos
769 906 985 947 persecutum
1007 914 1083 937 eum
1111 902 1330 947 conclusisse,
1358 903 1438 948 quia
1456 903 1583 937 additis

180 960 353 996 manubiis
380 971 490 1007 neque
517 961 670 996 ornatior
687 972 797 1006 neque
816 961 1055 1005 exaggeratior
1075 961 1323 996 modulatiorve
1345 960 1442 995 fieret
1460 960 1583 1004 oratio,

179 1020 272 1055 aliud
299 1021 439 1055 omnino
467 1020 631 1067 praedam
659 1031 734 1056 esse
760 1020 853 1055 aliud
879 1020 1072 1056 manubias.
1125 1020 1161 1056 ln
1190 1032 1257 1067 qua
1290 1018 1584 1066 disputatiuncula

178 1079 297 1124 paucis
336 1079 450 1114 verbis
488 1083 580 1114 recte
619 1079 702 1113 mihi
741 1079 878 1114 videtur
916 1079 1158 1114 adumbratum
1200 1091 1294 1123 esse,
1335 1080 1417 1124 quid
1448 1081 1483 1114 in
1523 1078 1583 1114 tali

178 1137 378 1182 quaestione
417 1136 599 1181 diligenter
632 1138 678 1173 sit
711 1137 982 1181 observandum,
1021 1141 1137 1173 utrum
1176 1138 1281 1173 verba
1319 1138 1502 1173 coniuncta
1541 1137 1584 1172 ad

177 1196 368 1231 sententiae
395 1196 579 1231 utilitatem
608 1197 822 1231 conformata
854 1197 940 1241 sint,
973 1208 1015 1231 an
1048 1197 1139 1231 ultra
1170 1197 1453 1243 perspicuitatem
1482 1199 1584 1242 poeta

178 1254 220 1289 ad
247 1254 434 1299 legentium
454 1254 665 1300 voluptatem
693 1259 753 1289 aut
779 1255 945 1290 orationis
973 1258 1116 1290 ornatus
1143 1258 1202 1290 aut
1228 1255 1364 1290 numeri
1392 1255 1583 1290 venustatis

178 1324 282 1349 causa
309 1325 348 1348 ea
375 1313 617 1359 composuerit.

275 1372 338 1407 His
364 1372 471 1416 igitur
496 1373 616 1416 rebus,
648 1375 686 1407 ut
719 1373 768 1407 ait
792 1372 991 1417 Lucretius,
1024 1374 1215 1408 subiunctis
1249 1373 1507 1419 suppositisque
1539 1374 1582 1407 ad

177 1442 248 1467 rem
289 1435 392 1467 antea
429 1434 612 1466 tractatam
654 1431 793 1477 paulum
833 1431 1007 1476 digressus
1047 1432 1161 1467 redeo.
1218 1432 1378 1478 Apparet
1416 1432 1507 1466 enim
1546 1435 1585 1466 ut

178 1492 310 1526 sonitus
337 1491 611 1535 similitudinem,
638 1490 680 1525 de
707 1502 774 1536 qua
800 1491 950 1537 primum
974 1491 1130 1537 exposui,
1159 1491 1202 1526 ad
1229 1495 1401 1535 ornatum,
1429 1491 1479 1526 sic
1506 1502 1583 1526 sen—

177 1550 307 1585 tentiae
334 1549 635 1595 amplificationem
663 1550 705 1584 ad
733 1550 898 1584 orationis
924 1550 1108 1585 utilitatem
1137 1551 1322 1596 pertinere.
1375 1549 1442 1585 Sed
1473 1561 1584 1595 neque

177 1609 278 1643 huius
305 1620 416 1654 neque
442 1608 534 1643 illius
561 1608 744 1653 imaginem
766 1608 866 1654 plene
883 1609 952 1643 iam
974 1609 1148 1654 expressi3
1177 1609 1211 1644 id
1238 1620 1372 1655 quoque
1398 1608 1582 1653 gravitatis

178 1667 356 1703 cuiusdam
396 1667 532 1703 dicendi
560 1667 720 1713 idemque
751 1667 941 1712 elegantiae
973 1667 1145 1713 specimen
1184 1672 1237 1703 est
1275 1671 1451 1714 apertum,
1491 1667 1581 1713 quod

178 1730 280 1771 poeta
307 1737 563 1771 nonnumquam
596 1737 699 1761 unam
729 1726 941 1772 eandemque
968 1737 1084 1762 vocem
1117 1727 1193 1772 pari
1219 1726 1400 1761 verborum
1429 1737 1580 1772 synony-

176 1796 309 1819 morum
351 1784 402 1819 bis
442 1785 601 1830 apponit,
643 1785 737 1820 velut
762 1785 792 1820 II
823 1786 915 1820 1078
955 1787 1060 1821 unica
1098 1798 1185 1832 quae
1217 1788 1386 1833 yzyuatur
1418 1793 1448 1821 et
1477 1787 1581 1821 unica

176 1844 317 1889 solaque
343 1850 474 1877 crescat
499 1847 532 1877 et
558 1844 694 1878 inverso
721 1844 904 1878 verborum
932 1844 1051 1879 ordine
1077 1844 1123 1879 VI
1149 1845 1218 1879 527
1247 1852 1357 1880 cetera
1384 1857 1471 1891 quae
1487 1858 1579 1880 seor-

176 1915 251 1938 sum
277 1908 433 1937 crescunt
457 1914 676 1949 seorsumque
702 1909 864 1938 creantur
890 1903 940 1938 eis
966 1903 1156 1948 contraria,
1182 1914 1270 1949 quae
1296 1907 1519 1939 concrescunt
1543 1903 1578 1938 in

178 1961 333 1997 nubibus.
381 1961 545 1997 Seorsum
571 1962 660 1997 enim
689 1962 770 2008 quin
799 1974 861 2008 pro
889 1963 1045 1999 codicum
1073 1964 1244 2010 scriptura
1270 1977 1406 1999 sursum
1429 1963 1579 1999 Kochius

176 2024 268 2057 recte
300 2021 501 2065 coniecerit,
541 2021 591 2063 (in
623 2032 710 2055 mus.
735 2020 889 2056 Rbenan.
919 2021 997 2057 VIII
1032 2034 1065 2068 p.
1086 2022 1173 2068 640)
1205 2023 1261 2057 vix
1293 2023 1432 2057 dubium
1464 2026 1581 2068 potest

177 2080 337 2127 relinqui.

275 2139 312 2173 In
340 2143 485 2184 utraque
519 2143 633 2174 autem
666 2150 703 2174 re
735 2139 907 2174 crescendi
947 2142 1052 2174 verbo
1085 2141 1144 2175 vix
1179 2141 1357 2185 quicquam
1390 2141 1471 2174 novi
1503 2152 1581 2176 sen-

176 2197 306 2233 tentiae
334 2196 492 2243 affertur,
527 2198 587 2234 sed
620 2202 727 2234 totam
760 2197 940 2233 verborum
975 2199 1256 2245 compositionem
1290 2198 1357 2233 nisi
1387 2198 1581 2235 rhetoricae

176 2258 260 2292 artis
294 2258 408 2293 studio
440 2258 567 2293 factam
606 2269 673 2293 non
706 2269 781 2293 esse
820 2260 973 2304 apparet.
1040 2258 1201 2305 Idemque
1231 2258 1321 2293 clare
1355 2258 1512 2295 videmus
1545 2261 1579 2296 in

175 2315 290 2351 verbis
318 2326 436 2351 versus
463 2315 493 2351 ΙΙ
523 2316 590 2351 186
617 2330 754 2352 sursum
778 2317 877 2363 ferri
908 2328 1114 2363 sursumque
1139 2329 1266 2360 meare,
1301 2316 1360 2352 ubi
1393 2318 1523 2353 frustra
1549 2320 1579 2354 ei

175 2376 344 2421 laborant,
372 2377 429 2421 qui
456 2376 629 2411 diversam
657 2377 838 2412 verborum
866 2374 1150 2420 significationem
1170 2376 1365 2422 exquirant,
1393 2382 1427 2413 et
1444 2377 1490 2413 IV
1508 2380 1574 2414 621

176 2437 327 2469 suaviter
352 2437 527 2482 attinyunt
553 2444 583 2471 et
608 2439 760 2471 suaviter
786 2438 901 2472 omnia
927 2443 1077 2471 tractant
1103 2440 1193 2482 etqs3
1224 2443 1375 2472 tractare
1406 2438 1495 2472 enim
1526 2439 1580 2474 hic
