1835 2765
864 66 915 103 40

651 189 823 231 CAPUT
853 189 1115 232 ALTERUM.

275 282 351 319 Hoc
377 282 491 330 capite
516 282 668 330 perfecto
695 282 841 319 alterum
877 284 988 330 primo
1029 282 1260 318 abundantiae
1298 293 1406 327 genus
1438 282 1586 327 adiungo

178 342 287 389 priori
313 341 365 378 illi
393 341 508 378 simile
533 353 645 389 neque
671 342 740 378 alia
765 354 803 379 re
830 364 875 368 —
904 343 933 378 si
958 343 1035 389 ipsa
1061 342 1243 378 verborum
1275 342 1490 388 compositio,
1516 352 1585 376 non

177 401 228 437 rei
254 401 306 437 vis
333 411 373 437 ac
399 404 525 437 natura
551 404 726 448 spectatur
751 422 798 427 —
826 401 869 437 ab
896 413 935 437 eo
962 402 1149 447 diversum,
1174 401 1241 437 nisi
1268 401 1357 447 quod
1385 400 1489 436 verba
1516 411 1584 435 non

177 460 352 508 particula
377 460 583 508 copulantur
608 460 667 496 sed
696 471 736 496 ea
762 461 889 496 omissa
916 465 973 496 aut
1000 460 1255 506 coniunguntur
1287 463 1347 496 aut
1378 470 1445 495 uno
1477 458 1585 506 pluri-

178 520 286 557 busve
311 520 426 557 verbis
453 519 667 566 interpositis
694 523 910 566 separantur.
960 518 1026 555 Hic
1052 531 1134 555 usus
1161 519 1273 565 qualis
1300 520 1345 556 sit
1369 518 1586 564 cognoscitur

179 590 281 616 versu
308 580 380 616 395
405 579 484 615 libri
511 577 569 622 111,
596 577 655 613 ubi
681 581 784 624 poeta
811 578 896 613 dicit
922 579 1031 613 multa
1062 578 1195 614 semina
1227 579 1261 614 in
1293 582 1411 615 nostro
1442 588 1586 625 corpore

179 639 302 674 cienda
329 649 414 682 esse,
441 637 641 684 priusquam
662 637 798 672 animae
815 636 1008 683 primordia
1025 648 1081 673 res
1099 637 1252 673 sentiant
1277 642 1311 673 et
1336 638 1371 673 in
1398 637 1451 673 his
1477 637 1585 673 inter-

180 696 280 733 vallis
307 696 440 743 possint
466 708 673 731 concursare
711 697 803 731 coire
841 703 872 731 et
905 696 1091 732 dissultare
1124 698 1286 732 vicissim.
1340 697 1499 744 Apparet
1523 696 1585 731 hoc

179 755 253 791 loco
279 755 385 791 verba
410 767 617 790 concursare
643 756 678 790 et
703 756 795 790 coire
820 754 893 790 fere
919 754 1011 790 idem
1038 755 1163 801 valere,
1198 758 1232 791 et
1257 755 1348 802 quod
1374 758 1477 802 poeta
1503 755 1586 791 haec

179 814 245 850 duo
272 814 455 850 coniuncta
480 814 540 849 uni
566 812 739 849 infinitivo
766 815 952 850 dissultare
985 815 1158 861 opposuit,
1191 814 1416 850 concursandi
1444 814 1585 850 verbum

177 885 240 920 per
266 884 303 909 se
328 873 373 908 ad
399 873 606 908 sententiam
635 872 895 917 exprimendam
922 884 1063 919 prorsus
1091 873 1175 908 satis
1201 873 1333 909 fuisset.
1374 872 1441 909 Sed
1465 884 1585 919 quam-

178 942 281 979 quam
310 931 476 978 asyndeto
502 931 562 966 illo
589 931 676 967 nihil
702 932 884 976 gravitatis
902 931 1041 967 additur
1068 933 1271 978 sententiae,
1299 943 1385 978 quae
1412 931 1473 967 tali
1500 943 1585 979 pon—

177 991 259 1027 dere
286 992 426 1027 omnino
453 1001 522 1026 non
549 994 660 1036 egeat,
695 994 810 1027 tamen
842 990 1054 1036 intellegitur
1078 984 1214 1038 'duplici
1246 990 1349 1027 verbo
1380 1002 1447 1027 non
1475 990 1584 1027 solum

177 1051 302 1088 faciem
329 1050 380 1087 rei
407 1050 615 1087 luculentius
642 1050 783 1097 depingi
810 1053 844 1086 et
870 1050 1037 1086 illustrari
1063 1050 1122 1086 sed
1151 1050 1253 1086 etiam
1286 1050 1452 1086 maiorem
1480 1061 1584 1096 quam

179 1111 214 1146 in
241 1110 357 1147 verbis
384 1110 576 1146 coniunctis
601 1109 715 1145 inesse
748 1110 782 1144 in
822 1109 989 1156 asyndeto
1029 1109 1194 1144 orationis
1234 1109 1448 1145 alacritatem
1481 1112 1584 1155 atque

180 1170 347 1217 leporem,
375 1169 432 1216 qui
460 1168 689 1204 alliteratione
715 1168 856 1215 insuper
882 1172 1037 1213 augetur.
1081 1168 1195 1215 Atque
1222 1167 1367 1204 multum
1395 1179 1470 1204 esse
1497 1168 1588 1203 hunc

182 1229 340 1276 asyndeti
366 1239 466 1264 usum
493 1228 528 1263 in
556 1228 679 1274 primis
697 1228 788 1274 apud
814 1228 948 1274 priscae
974 1227 1157 1263 latinitatis
1183 1231 1303 1274 poetas
1329 1228 1414 1263 artis
1440 1227 1586 1263 rhetori-

182 1299 243 1324 cae
274 1287 447 1323 studiosos
497 1287 588 1333 aptis
634 1287 801 1333 exemplis
841 1286 1082 1322 Lachmanuus
1115 1286 1231 1322 docuit
1270 1287 1304 1322 in
1350 1287 1587 1322 commentarii

182 1358 261 1394 pag.
282 1348 329 1383 8O
367 1349 401 1382 et
439 1346 508 1382 alia
545 1357 588 1381 ex
615 1346 783 1392 pedestris
810 1345 979 1381 sermonis
1007 1345 1232 1392 scriptoribus
1258 1347 1477 1382 contulerunt
1494 1346 1587 1382 Vah-

180 1406 280 1441 lenus
307 1406 360 1440 vir
385 1406 597 1440 clarissimus
628 1405 664 1439 in
704 1404 817 1439 indice
854 1404 1039 1440 lectionum
1068 1416 1098 1439 a.
1121 1405 1214 1440 1878
1241 1416 1274 1451 p.
1295 1406 1316 1440 6
1344 1408 1378 1440 et
1395 1404 1517 1440 Munro
1544 1405 1587 1440 ad

181 1476 212 1500 v.
241 1464 381 1509 11118,
419 1463 541 1509 quibus
573 1463 656 1499 locis
684 1463 767 1499 satis
795 1463 1069 1509 demonstratur,
1108 1474 1211 1509 quam
1244 1463 1373 1499 iniuste
1406 1463 1456 1499 illi
1484 1467 1587 1508 agant

181 1524 286 1560 etiam
318 1523 487 1570 praeclari
520 1522 637 1558 iudicii
663 1523 746 1568 viri,
780 1524 837 1569 qui
864 1523 949 1558 talia
974 1522 1150 1558 manifesti
1181 1523 1285 1558 studii
1320 1522 1480 1570 exempla
1504 1534 1586 1559 con-

180 1583 321 1619 iecturis
347 1583 512 1618 infestent
543 1585 577 1617 et
613 1583 670 1628 qui
699 1582 789 1629 apud
816 1581 1017 1618 Lucretium
1045 1592 1179 1628 quoque
1204 1583 1238 1617 in
1266 1593 1297 1617 v.
1325 1582 1340 1617 I
1363 1583 1435 1618 680
1458 1584 1512 1618 nil
1534 1596 1588 1618 re-

169 1643 286 1688 ferret
312 1644 403 1677 enim
429 1643 600 1688 quaedam
626 1643 786 1676 decedere
804 1642 902 1676 abire
920 1641 1109 1687 asyndeton
1126 1644 1341 1688 temptarunt
1359 1643 1517 1677 decedere
1542 1642 1585 1677 ab

179 1704 260 1748 ique
286 1705 345 1735 aut
371 1702 531 1735 decedere
556 1702 656 1735 adire
688 1700 756 1735 alia
792 1699 920 1734 similia
951 1711 1092 1745 prorsus
1124 1699 1215 1734 futili
1248 1700 1381 1736 ratione
1414 1700 1585 1736 conicien—

179 1763 243 1795 tes.
275 1759 523 1803 Integerrimus
562 1759 653 1794 enim
693 1762 746 1793 est
778 1758 872 1793 locus
899 1761 933 1793 et
963 1758 1014 1793 illi
1053 1769 1193 1805 compar
1232 1769 1331 1804 quem
1372 1759 1485 1805 primo
1511 1759 1585 1795 loco

181 1818 293 1853 attuli.
339 1817 396 1862 (cf.
425 1818 529 1853 etiam
555 1829 606 1852 vs.
633 1816 664 1852 II
692 1814 800 1863 72s73
828 1830 916 1863 quae
941 1818 1107 1852 decedunt
1131 1830 1280 1864 corpora
1306 1819 1446 1865 cuique,
1490 1818 1586 1854 Unde

179 1877 318 1920 abeunt,
345 1878 505 1911 minuunt
529 1875 589 1911 ubi
616 1875 721 1910 verba
746 1874 807 1910 illa
824 1886 1015 1921 synonyma
1033 1875 1143 1911 denuo
1162 1877 1407 1922 reperiuntur).
1447 1876 1586 1913 Praeter

178 1936 243 1971 hos
270 1935 357 1971 duos
385 1935 478 1971 locos
504 1934 688 1970 verborum
716 1932 911 1976 ἆσυνδέτως
936 1934 1129 1971 iunctorum
1157 1938 1251 1972 certa
1278 1935 1450 1983 exempla,
1477 1947 1585 1982 quan-

178 1998 251 2030 tum
281 1995 365 2039 scio,
393 1994 485 2041 apud
511 1993 710 2029 Lucretium
737 2005 804 2028 non
830 1994 1068 2039 inveniuntur,
1109 1995 1260 2030 eiusdem
1294 1999 1408 2031 autem
1440 1995 1584 2031 rationis

181 2055 255 2090 sine
282 2053 385 2089 dubio
414 2057 467 2089 est
494 2052 584 2099 quod
610 2055 711 2099 poeta
737 2053 821 2088 dicit
846 2053 881 2088 in
908 2064 958 2089 vs.
986 2053 1016 2089 Il
1046 2051 1176 2100 118l19
1204 2057 1237 2090 et
1263 2053 1309 2089 IV
1330 2054 1424 2090 1002
1444 2054 1586 2101 proelia

178 2126 315 2160 puqnas
334 2114 450 2148 Edere
467 2116 501 2147 et
519 2123 583 2158 par
600 2113 775 2147 nominum
796 2112 993 2158 exemplum
1012 2116 1107 2148 extat
1132 2114 1168 2147 in
1194 2125 1225 2148 v.
1245 2113 1276 2148 II
1295 2114 1366 2148 282
1394 2112 1582 2156 (materies)

181 2174 315 2219 coyitur
339 2173 514 2208 interdum
529 2172 629 2218 flecti
647 2184 714 2219 per
730 2171 883 2207 membra
895 2184 963 2218 per
985 2178 1095 2216 artus,
1123 2171 1212 2217 quod
1232 2171 1421 2218 asyndeton
1440 2170 1584 2207 bimem-

181 2232 241 2266 bre
266 2232 435 2277 repetitur
461 2231 565 2266 etiam
593 2229 729 2265 V1945
755 2232 876 2266 crescit
901 2230 1010 2265 barba
1031 2231 1170 2277 pilique
1190 2232 1407 2277 per-omnia
1432 2231 1584 2266 membra

177 2302 244 2336 per
271 2297 376 2325 artus.
429 2289 586 2325 Artubus
612 2289 751 2335 proprie
782 2287 1022 2333 significantur
1060 2288 1291 2323 membrorum
1325 2289 1582 2335 commissurae,

182 2348 224 2383 cf.
254 2347 529 2384 Doederleinium
557 2348 593 2383 in
620 2347 642 2383 l.
662 2348 684 2383 l.
712 2347 777 2383 vol.
806 2347 852 2382 IV
879 2358 912 2393 p.
935 2347 1005 2382 150
1031 2347 1089 2392 qui
1115 2350 1195 2393 apte
1222 2346 1320 2383 affert
1345 2347 1414 2383 Cic.
1443 2348 1485 2384 de
1510 2352 1580 2385 nat.

182 2407 275 2442 deor.
303 2406 342 2441 II.
371 2408 428 2451 60,
450 2408 519 2443 150
552 2409 741 2454 diyitorum
772 2409 862 2442 enim
900 2408 1087 2441 contractio
1116 2407 1243 2452 facilis
1271 2407 1466 2454 facilisque
1493 2421 1581 2455 por-

180 2467 286 2502 rectio
307 2473 455 2513 propter
479 2467 596 2502 molles
622 2468 864 2502 commissuras
891 2472 922 2501 et
938 2471 1035 2500 artus
1053 2462 1100 2510 (h.
1121 2476 1149 2500 e.
1168 2472 1308 2501 artuum
1325 2465 1582 2513 commissuras)
