1835 2765
890 78 937 114 29

200 178 367 224 futurum
399 177 460 222 (ΙΙΙ
485 179 555 213 802
587 177 765 222 coniungit
794 175 975 211 Lucretius
1002 175 1105 210 verba
1130 177 1321 211 immortali
1345 184 1448 223 atque
1471 176 1620 223 perenni

212 236 295 272 item
322 248 391 272 non
418 237 492 272 sine
518 237 670 283 pondere
697 234 916 278 sententiae),
943 234 973 269 V
991 235 1062 269 604
1089 242 1303 281 opportunus
1329 237 1379 269 ita
1405 242 1453 270 est
1479 237 1512 269 si
1516 235 1618 280 forte

210 302 241 331 et
270 297 415 331 idoneus
446 298 507 331 ae'r
539 298 574 330 et
606 294 737 341 pariter
770 293 815 329 VI
841 295 911 329 318
947 300 1145 339 opportuna
1167 293 1239 336 fuit
1264 295 1296 327 si
1309 294 1408 339 forte
1434 301 1463 328 et
1488 295 1615 329 idonea

202 356 370 401 flammis,
398 355 440 390 de
468 354 591 399 quibus
618 353 796 388 adieetivis
823 351 1028 387 consociatis
1054 351 1097 386 ef.
1116 350 1214 387 Caes.
1243 350 1320 386 bell.
1340 350 1426 386 Gall.
1447 351 1515 387 118
1541 354 1613 388 loco

209 436 257 441 -—
283 415 331 449 ad
356 416 464 449 aciem
488 413 729 448 instruendam
753 418 883 446 natura
910 417 1105 457 opportuno
1133 417 1164 445 et
1187 411 1310 445 idoneo
1339 410 1386 452 (h.
1416 422 1444 445 e.
1467 410 1612 446 trefflieh

211 472 396 517 geeignet),
424 471 541 505 videas
567 481 700 515 quoque
727 481 775 504 vs.
797 468 966 516 111206s7
997 481 1085 516 quae
1110 468 1175 503 tibi
1199 470 1338 516 coqnita
1362 481 1417 503 res
1434 488 1481 492 ——
1515 470 1614 505 Utilis

209 533 403 566 invenietur
429 537 459 565 et
477 536 677 576 opportuna
694 529 836 571 cluebit,·
864 528 987 563 deinde
1006 528 1034 562 V
1057 529 1148 563 1058
1167 528 1352 563 dissimiles
1369 529 1502 563 soleant
1519 541 1614 563 voces

208 591 395 635 variasque
433 590 521 623 ciere
558 588 638 623 item
678 587 708 623 II
749 589 818 624 783
863 588 1047 623 dissimiles
1086 588 1184 634 lonye
1227 589 1316 622 inter
1355 599 1390 622 se
1431 589 1616 633 variosque

210 648 339 684 colores
366 650 400 683 et
426 646 531 682 simili
559 648 591 682 vi
619 647 769 694 positum
795 646 826 682 II
848 647 919 683 825
946 654 1007 682 aut
1032 647 1102 682 alio
1130 648 1250 694 quovis
1276 659 1345 682 uno
1372 647 1541 693 varioque
1558 659 1614 681 co-

210 708 292 751 lore,
321 718 431 752 neque
457 707 604 751 denique
630 706 800 750 gravitate
827 706 1018 741 sententiae
1044 710 1138 741 earet
1163 706 1248 741 illud
1274 719 1346 741 non
1371 713 1486 741 tamen
1505 714 1543 741 ut
1560 719 1615 741 co-

207 778 285 801 ram
318 778 406 813 quae
437 773 517 801 sunt
549 778 693 812 vereque
723 766 877 800 rutunda
908 764 952 799 [V
977 765 1066 809 360,
1098 775 1116 799 e
1150 765 1272 810 quibus
1299 765 1471 800 adverbiis
1498 778 1615 801 coram

211 826 365 870 sequenti
393 825 639 868 adumbratim,
667 836 744 859 vere
773 823 954 869 participio
981 824 1145 858 simulata
1169 824 1378 869 respondere
1400 824 1546 860 videtur.
1566 847 1614 852 -

209 883 355 929 Saepius
382 883 504 918 deinde
532 885 636 929 poeta
662 883 712 917 ita
738 892 872 927 quoque
898 877 1050 916 notionis
1078 882 1146 916 vim
1172 881 1294 916 fortius
1321 883 1454 923 extulit,
1482 887 1520 918 ut
1538 883 1613 929 pari

208 942 386 977 nominum
424 952 693 988 synonymorum
728 940 818 976 idem
852 940 1059 976 adieetivum
1089 940 1140 975 bis
1167 944 1226 975 aut
1252 940 1359 975 altero
1385 941 1458 976 loeo
1486 952 1613 986 eogno-

209 1001 377 1035 minatum
405 1001 607 1036 attribueret
633 1000 726 1035 velut
751 999 781 1034 II
805 1000 897 1034 1054
923 1001 1122 1046 seminaque
1147 1001 1328 1034 innumero
1354 1013 1496 1035 numero
1519 1014 1612 1035 sum-

207 1073 332 1107 maque
360 1060 548 1108 profunda
580 1079 624 1084 —
656 1060 815 1104 volitent,
855 1058 901 1094 III
928 1059 1060 1104 614s15
1093 1056 1257 1104 (animus)
1289 1061 1368 1094 unis
1402 1059 1548 1095 Sedibus
1585 1066 1615 1094 et

208 1122 308 1155 certis
341 1120 540 1167 reqionibus
574 1120 730 1154 omnibus
766 1119 847 1162 (non
872 1120 1040 1166 pectoris,
1074 1118 1164 1163 quod
1191 1118 1331 1164 scripsit
1356 1117 1613 1160 Lachmannus)

207 1180 334 1223 haeret,
362 1178 407 1214 III
429 1179 495 1214 791
522 1178 551 1213 V
580 1179 646 1214 137
675 1180 813 1213 tandem
838 1180 877 1212 in
902 1179 1020 1213 eodem
1044 1178 1180 1212 homine
1206 1185 1308 1224 atque
1333 1179 1371 1212 in
1397 1179 1514 1212 eodem
1535 1190 1616 1212 vase

208 1238 299 1281 (vide
325 1250 357 1273 v.
378 1237 424 1273 III
442 1238 529 1282 553)
556 1250 711 1281 manere,
741 1236 786 1272 IV
807 1237 871 1271 741
902 1244 1048 1284 propter
1073 1236 1230 1271 subtilem
1255 1244 1419 1271 naturam
1446 1244 1476 1271 et
1501 1238 1615 1271 tenvia

208 1305 310 1342 texta,
339 1297 384 1332 VI
404 1299 472 1333 775
497 1304 643 1344 propter·
669 1297 871 1331 dissimilem
884 1303 1050 1331 naturam
1068 1296 1316 1342 dissimilisque
1338 1295 1508 1331 Tewturas
1526 1298 1615 1331 inter

207 1369 277 1391 sese
304 1358 508 1403 primasque
536 1357 668 1402 ftquras
696 1355 751 1395 (of.
781 1354 825 1389 VI
852 1355 924 1390 995
946 1362 1095 1401 propter
1127 1355 1332 1389 dissimilem
1356 1362 1518 1390 naturam
1544 1362 1614 1390 tex-

208 1423 310 1463 taque
334 1412 484 1460 rerum),
514 1414 558 1449 IV
578 1415 649 1450 938
676 1416 833 1462 corporis
860 1415 907 1449 ad
929 1415 1065 1461 primas
1085 1415 1204 1460 partis
1231 1414 1460 1460 elementaque
1483 1416 1613 1461 prima,

209 1475 237 1509 V
257 1474 328 1509 345
355 1476 460 1509 tantis
486 1474 615 1508 morbis
641 1476 813 1519 tantisque
834 1474 990 1519 periclis,
1020 1472 1047 1506 V
1066 1473 1137 1507 730
1163 1474 1286 1507 ordine
1301 1473 1507 1518 formarum
1524 1481 1614 1508 certo

208 1535 376 1580 certisque
393 1533 541 1580 fiquris,
576 1531 603 1565 V
624 1532 693 1568 859
717 1545 825 1579 qenus
851 1544 930 1566 acre
956 1532 1091 1566 leonum
1116 1544 1288 1578 saevaque
1319 1533 1452 1576 saecla,
1488 1531 1516 1566 V
1544 1533 1614 1568 876

208 1594 345 1640 duplici
367 1600 496 1627 natura
523 1599 553 1627 et
580 1604 723 1639 corpore
749 1591 841 1635 bino,
869 1590 1000 1626 V1611
1031 1591 1121 1625 adde
1146 1604 1253 1637 vaqos
1279 1591 1405 1626 imbres
1435 1599 1614 1638 tempesta-

207 1660 322 1699 tesque
354 1652 524 1695 volantes,
559 1650 706 1696 denique
741 1649 769 1684 V
794 1651 884 1685 1237
919 1657 1020 1697 atque
1046 1651 1228 1697 potestatis
1260 1663 1405 1697 maqnas
1437 1652 1614 1698 mirasque

205 1712 408 1759 relinquunt
433 1711 478 1746 In
502 1711 603 1746 rebus
628 1712 715 1745 viris
742 1711 869 1755 divum,
899 1720 986 1755 quae
1011 1709 1150 1744 nomina
1177 1708 1281 1744 simili
1312 1709 1523 1746 abundantia
1554 1710 1613 1746 sed

207 1771 281 1806 sine
314 1771 507 1805 sententiae
534 1770 686 1815 pondere
706 1772 842 1815 poetam
864 1769 967 1804 etiam
986 1769 1022 1803 in
1040 1769 1126 1803 libro
1146 1768 1176 1803 II
1195 1781 1226 1803 v.
1247 1770 1377 1816 586s87
1393 1765 1613 1805 coniunxisse

208 1829 382 1873 videmus;
410 1828 587 1874 multoque
613 1828 725 1863 maior
751 1828 836 1863 haee
862 1828 1001 1874 quidem
1029 1828 1219 1863 sententiae
1245 1827 1297 1862 vis
1315 1827 1364 1863 ibi
1382 1828 1529 1873 exsistit,
1556 1828 1613 1863 ubi

208 1890 349 1924 nomina
367 1899 561 1934 synonyma
580 1898 649 1922 non
668 1887 792 1933 copula
810 1888 1067 1930 coniunguntur
1084 1887 1142 1922 sed
1162 1886 1358 1928 ἆσυνδέτως
1374 1891 1558 1932 ponuntur,
1578 1891 1615 1922 ut

208 1947 253 1981 IV
268 1946 399 1988 487l88
425 1959 509 1980 nam
534 1958 687 1980 seorsum
703 1947 827 1991 cuique
843 1953 995 1991 potestas
1012 1946 1187 1989 Divisast,
1214 1959 1279 1979 sua
1294 1947 1346 1979 vis
1365 1948 1531 1991 cuiquest,
1559 1947 1612 1979 eui

207 2004 366 2052 exemplo
386 2015 564 2050 compares
584 2015 614 2038 v.
630 2003 644 2037 I
662 2004 732 2038 110
748 2016 842 2038 nunc
858 2005 951 2038 ratio
969 2004 1070 2038 nulla
1087 2011 1137 2039 est
1152 2005 1320 2048 restandi,
1338 2004 1438 2038 nulla
1441 2004 1611 2049 facultas.

306 2064 394 2101 Sunt
425 2068 540 2100 tamen
580 2066 758 2110 praeterea
790 2062 899 2098 multa
926 2074 1014 2108 quae
1040 2074 1234 2110 synonyma
1259 2063 1440 2098 coniuncta
1465 2063 1507 2098 ad
1535 2075 1614 2099 sen-

206 2125 349 2160 tentiam
377 2124 568 2168 augendam
595 2123 643 2157 nil
671 2122 854 2168 pertinent,
882 2133 992 2167 pauca
1015 2122 1153 2167 quidem
1172 2123 1318 2157 fortasse
1336 2122 1384 2156 ita
1401 2129 1615 2168 comparata,

205 2188 244 2219 ut
281 2184 317 2219 in
351 2183 463 2219 verbis
494 2182 660 2226 eligendis
691 2182 778 2216 ratio
810 2180 977 2227 quaedam
1005 2181 1178 2217 rhetorica
1204 2181 1351 2216 valuisse
1377 2182 1532 2227 putanda
1558 2183 1615 2228 sit,

207 2244 301 2279 velut
326 2243 340 2279 Ι
367 2244 412 2279 83
441 2243 611 2278 adieetiva
636 2242 802 2277 scelerosa
830 2248 931 2287 atque
955 2242 1069 2287 impia
1091 2241 1225 2283 (eadem
1244 2240 1418 2286 copulavit
1434 2240 1616 2276 Terentius

205 2303 240 2337 in
267 2301 446 2346 Eunucho,
473 2301 530 2337 IV.
558 2304 592 2346 3,
624 2303 641 2336 1
668 2302 731 2336 ubi
755 2313 815 2348 eqo
841 2301 941 2335 illum
965 2300 1170 2334 scelerosum
1197 2322 1239 2326 —
1268 2307 1370 2346 atque
1395 2302 1545 2347 impium
1561 2303 1616 2336 in-

205 2359 377 2408 veniam?)
416 2361 580 2397 chiastieo
620 2360 739 2396 ordine
770 2359 902 2396 duabus
933 2358 1088 2406 partibus
1116 2359 1284 2394 enuntiati
1311 2360 1550 2404 praecedentis
1575 2373 1617 2396 ne

195 2421 295 2466 forte
331 2425 418 2467 etqs.
456 2432 524 2455 non
558 2421 632 2455 sine
662 2424 784 2466 poetae
810 2418 952 2455 oonsilio
979 2418 1204 2463 respondent3
1244 2419 1326 2453 item
1355 2418 1399 2453 lV
1427 2421 1498 2455 455
1526 2420 1616 2465 quod

207 2480 345 2515 uberius
371 2485 474 2526 poeta
500 2480 604 2524 dixit,
641 2481 680 2514 in
704 2481 815 2514 noctis
842 2479 989 2525 caliqine
1015 2490 1117 2512 caeca
1142 2476 1286 2512 Cernere
1312 2490 1486 2513 censemus
1512 2479 1617 2514 solem
