1835 2765
907 81 952 116 67

231 179 265 212 et
291 176 326 212 in
345 177 457 213 verbis
476 190 507 215 v.
527 178 571 213 VI
594 176 746 225 1047s48
760 181 865 226 prius
885 180 1068 225 Praecepit
1085 178 1168 214 illud
1185 181 1287 227 prius
1304 180 1456 224 graviter
1474 178 1629 224 sequenti

227 236 394 271 adiectivo
418 240 593 284 posterior
619 238 814 282 oppositum
842 237 998 271 videmus
1025 237 1092 279 (cui
1122 239 1182 272 toti
1211 238 1284 272 loco
1304 249 1490 284 componas
1509 249 1629 272 versus

226 294 305 330 libri
337 295 382 331 IV
415 296 584 331 336—38
617 295 811 330 simillimos
843 300 977 331 etcum
1007 295 1197 341 pleonasmi
1229 306 1353 339 genere
1386 307 1564 342 compares
1597 307 1629 330 v.

229 354 257 389 V
276 355 345 390 737
372 367 626 403 praespargens
653 355 743 399 ante)
772 357 805 390 et
831 355 865 389 in
893 353 1048 389 versibus
1074 353 1105 389 11
1133 350 1241 400 204βὸ
1269 354 1373 390 verba
1398 369 1534 391 sursum
1552 369 1629 391 sue-

228 416 344 450 cedere
370 418 404 449 et
429 417 589 450 deorsum
606 415 771 449 deducere
789 425 864 448 cnm
887 413 918 447 vi
939 413 1128 448 sententiae
1146 424 1310 458 expressa
1328 414 1416 448 inter
1434 425 1468 449 se
1487 425 1629 460 respon-

227 473 319 508 dent.
372 472 470 515 Quod
496 476 647 508 ceterum
676 472 718 507 ad
746 471 850 507 verba
877 473 1036 507 deorsum
1063 473 1227 507 deducere
1253 474 1394 517 attinet,
1427 484 1512 518 quae
1539 474 1629 520 apud

225 531 453 578 Bernaysium
484 541 552 565 non
578 531 749 577 reperies,
782 530 965 566 Marullum
997 531 1046 566 ita
1079 531 1232 566 codicum
1261 531 1442 566 lectionem
1473 533 1630 567 deorsum

227 593 360 634 ducere,
382 601 449 636 qua
468 601 586 625 versus
605 602 673 625 una
691 591 823 637 syllaba
842 591 1007 637 privatur,
1035 590 1225 636 simplicius
1245 590 1446 625 emendasse
1472 591 1630 625 existimo

228 662 328 696 quam
357 649 615 684 Lachmannum
644 654 677 684 et
702 649 941 695 Bernaysium,
967 661 1030 684 nec
1048 650 1218 684 refutatur
1237 649 1295 684 illa
1314 650 1508 684 emendatio
1529 649 1631 684 Suse-

227 709 325 743 mihli
352 708 534 752 sententia,
562 709 618 753 qui
637 708 720 743 locis
738 708 918 752 similibus,
946 719 995 743 vs.
1017 710 1097 753 190,
1118 710 1201 753 202,
1221 709 1303 754 247,
1322 720 1389 744 non
1416 709 1457 744 de
1475 708 1631 744 ducendo

228 768 287 803 sed
320 767 361 802 de
388 767 532 802 meando
560 771 694 813 poetam
722 767 815 812 loqui
843 768 1120 803 animadvertens
1146 770 1304 804 deorsum
1330 770 1490 804 decedere
1515 767 1631 813 legen-

226 826 306 861 dum
342 837 418 861 esse
452 827 574 861 statuit
609 826 658 869 (in
683 825 772 860 Phil.
800 826 865 860 vol.
893 827 941 861 24
967 838 1000 871 p.
1027 825 1132 871 434),
1160 838 1225 871 quo
1252 828 1354 861 etiam
1382 827 1424 861 ad
1451 827 1570 862 literas
1597 829 1630 861 et

226 897 347 921 sonum
383 885 505 920 melius
542 885 724 920 exsisteret
762 885 983 920 contrarium.
1047 884 1113 920 Sed
1150 885 1211 920 hoc
1243 885 1317 920 loco
1351 889 1492 932 propter
1533 886 1628 921 verbi

227 944 405 991 pugnandi
431 945 499 979 vim
530 944 571 980 de
597 944 750 979 ducendo
777 944 891 991 potius
919 955 1021 989 quam
1041 944 1082 979 de
1101 944 1294 979 decedendo
1313 945 1533 989 cogitandum
1553 956 1629 980 esse

227 1004 461 1050 unusquisque
494 1003 594 1039 facile
624 1003 810 1049 intelleget.
843 1024 888 1028 -—
925 1003 1101 1049 Nusquam
1138 1006 1251 1038 autem
1283 1004 1474 1039 evidentior
1504 1008 1627 1051 poetae

226 1064 314 1099 ratio
345 1063 480 1099 exsistit
512 1074 613 1109 quam
642 1064 675 1098 in
704 1075 734 1098 v.
763 1063 777 1098 I
804 1064 860 1107 67,
888 1063 984 1098 cuius
1010 1063 1045 1097 in
1073 1062 1139 1097 fine
1166 1070 1287 1098 contra
1314 1063 1481 1109 positum,
1508 1075 1627 1109 quam-

227 1134 327 1169 quam
355 1123 452 1158 iuxta
479 1122 666 1157 obsistendi
694 1122 834 1158 verbum
864 1121 1025 1166 abundat,
1054 1133 1131 1157 cum
1155 1122 1325 1166 gravitate
1345 1125 1458 1157 tamen
1479 1123 1628 1158 maxima

225 1182 276 1217 illi
295 1190 416 1218 contra
433 1183 468 1217 in
486 1181 552 1217 fine
571 1182 808 1228 praecedentis
827 1193 945 1217 versus
963 1181 1129 1216 collocato
1148 1181 1334 1228 respondet
1356 1193 1467 1227 neque
1486 1182 1630 1218 obscura

226 1245 278 1277 est
311 1241 461 1277 eiusdem
497 1249 618 1277 contra
650 1242 684 1276 in
717 1253 747 1277 v.
776 1241 820 1276 IV
852 1242 943 1278 1080
975 1242 1077 1277 verbo
1110 1234 1283 1289 repuqna‘t
1315 1241 1448 1277 abunde
1478 1242 1630 1278 adiuncti

225 1301 324 1335 fortis
352 1304 467 1336 tamen
496 1302 547 1336 vis
573 1305 675 1346 atque
702 1300 922 1344 significati0;
957 1301 1010 1335 his
1037 1301 1120 1335 loeis
1148 1301 1254 1335 addas
1282 1301 1382 1345 Verg.
1412 1303 1498 1336 Aen.
1526 1301 1556 1336 V
1583 1303 1627 1336 21

227 1359 336 1405 obniti
359 1367 488 1406 contra,
515 1358 546 1395 X
574 1360 643 1395 359
670 1366 762 1395 stant
788 1360 914 1395 obnixa
942 1361 1058 1395 omnia
1084 1367 1215 1405 contra,
1244 1359 1348 1395 etiam
1376 1359 1442 1395 XII
1461 1360 1529 1396 887
1559 1362 1629 1396 Ae-

225 1432 306 1454 neas
338 1421 444 1455 instat
476 1427 603 1455 contra.
634 1440 676 1444 ——
707 1418 765 1455 Vis
792 1420 957 1465 quaedam
986 1420 1177 1455 sententiae
1203 1419 1326 1455 deinde
1353 1420 1387 1454 in
1415 1419 1467 1455 his
1495 1431 1629 1466 quoque

227 1478 361 1514 videtur
392 1479 519 1514 inesse:
554 1478 584 1514 V
614 1479 706 1513 1410
738 1480 831 1525 quod
861 1480 956 1514 adest
982 1486 1124 1526 praesto
1157 1479 1212 1521 (cf.
1241 1478 1316 1514 Ter.
1345 1478 1433 1514 Eun.
1464 1479 1503 1514 V.
1523 1482 1556 1524 8,
1580 1481 1628 1515 20

226 1537 349 1573 Heaut.
378 1537 402 1573 Ι.
426 1541 457 1583 1,
479 1535 562 1583 120)
591 1541 627 1572 ut
653 1537 728 1572 aliis
754 1537 838 1573 locis
862 1545 1074 1584 praesentem
1092 1539 1209 1572 adesse
1235 1538 1317 1572 item
1337 1550 1403 1572 non
1424 1538 1496 1573 sine
1513 1539 1628 1582 gravi-

226 1600 297 1631 tate
331 1596 459 1631 dictum
488 1597 677 1640 invenitur,
710 1596 830 1630 deinde
857 1596 891 1630 in
919 1596 1030 1631 verbis
1056 1609 1194 1643 pessum
1222 1597 1412 1632 Subsedere
1439 1596 1498 1639 (VI
1524 1598 1624 1640 590),

226 1654 284 1689 ubi
310 1655 489 1690 subsedere
514 1666 575 1701 per
602 1666 637 1689 se
663 1659 742 1701 apte
769 1658 881 1701 potest
906 1654 1057 1699 intellegi
1084 1654 1330 1698 (Wakefieldus
1348 1655 1479 1690 confert
1496 1654 1625 1691 Lucan.

226 1713 239 1749 I
267 1715 337 1751 646
364 1721 519 1749 terraene
545 1715 717 1749 dehiscent
743 1715 984 1762 subsz'dentque
1010 1714 1145 1758 urbes2)
1173 1725 1284 1760 neque
1310 1721 1411 1760 poeta
1430 1716 1519 1761 quod
1538 1716 1627 1751 dixit

226 1787 297 1808 una
327 1773 523 1809 Consentire
553 1773 600 1808 ΙΙΙ
630 1774 697 1808 168
730 1777 763 1808 et
801 1774 869 1809 798
902 1774 975 1808 sine
1008 1773 1147 1808 consilio
1181 1774 1251 1818 egit
1282 1777 1316 1808 et
1348 1774 1495 1820 denique
1522 1776 1624 1810 etiam

225 1833 339 1868 verbis
365 1846 515 1868 seorsum
541 1839 694 1867 secernat
718 1832 764 1866 III
783 1832 866 1876 635,
895 1832 936 1867 cf.
957 1834 1028 1867 498
1051 1835 1165 1868 divisa·
1182 1846 1345 1876 seorsum,
1374 1833 1420 1868 IV
1439 1835 1482 1869 87
1503 1836 1624 1881 sin-qil-

227 1893 324 1927 Zatim
350 1911 393 1916 —
421 1899 560 1936 secreta,
588 1891 770 1936 separandi
790 1891 882 1925 notio
901 1891 1024 1926 fortius
1043 1892 1250 1927 enuntiatur.
1291 1891 1387 1934 Quod
1405 1903 1485 1927 vero
1504 1891 1625 1927 Mum-0

226 1952 328 1988 etiam
356 1952 390 1987 in
418 1964 465 1987 vs.
494 1950 540 1986 ΙΙΙ
567 1948 699 1997 263s'64
726 1951 778 1986 nil
803 1958 840 1986 ut
865 1953 1034 1987 secernier
1060 1966 1167 1987 unum
1185 1953 1303 1988 Possit
1329 1952 1432 1988 verba
1459 1955 1626 1988 secernier

225 2025 331 2047 unum
356 2011 446 2046 inter
472 2022 508 2046 se
535 2011 712 2055 coniungit
737 2009 856 2056 (vertit
883 2011 972 2045 enim
1000 2024 1065 2045 can
1092 2012 1135 2058 hy
1162 2013 1345 2059 separated
1371 2013 1414 2058 by
1441 2010 1552 2057 z‘tself)
1572 2012 1626 2046 hic

225 2071 338 2118 potius
368 2084 473 2106 unum
499 2070 543 2105 ad
567 2071 620 2105 nil
644 2069 790 2105 relatum
819 2069 887 2104 vim
915 2069 1014 2105 huius
1041 2071 1134 2105 vocis
1161 2082 1285 2116 augere
1313 2070 1395 2105 mihi
1423 2071 1559 2106 videtur
1587 2076 1625 2106 ut

226 2130 368 2165 111077
400 2143 453 2165 res
483 2131 581 2164 nulla
609 2149 652 2153 ——
680 2143 751 2163 una
784 2132 818 2163 et
848 2129 924 2163 aliis
956 2128 1130 2163 Ciceronis
1165 2133 1207 2168 et,
1224 2129 1300 2164 Livi
1326 2129 1409 2164 locis
1436 2128 1494 2175 (de
1521 2130 1627 2164 simili

225 2188 433 2225 Graecorum
467 2200 531 2224 usu
563 2188 598 2223 in
633 2199 713 2223 voce
743 2188 790 2235 εἷς
822 2187 924 2223 adeas
956 2186 1145 2222 Weiskium
1174 2188 1209 2223 in
1242 2188 1329 2223 libro
1357 2188 1397 2223 de
1424 2188 1626 2234 pleonasmo

226 2248 356 2285 Graeco
382 2261 415 2295 p.
443 2250 516 2292 54).
544 2269 589 2272 -—
616 2247 799 2283 Latissime
827 2250 939 2282 autem
967 2250 1063 2293 patet
1088 2247 1152 2282 hoc
1178 2247 1367 2293 pleonasmi
1386 2259 1494 2292 genus
1513 2249 1548 2283 in
1568 2249 1628 2284 ad·

227 2308 352 2343 verbiis
377 2321 499 2343 rursus
526 2311 560 2342 et
584 2314 692 2351 retro,
728 2317 815 2352 quae
841 2306 1042 2352 saepissime
1069 2306 1181 2341 verbis
1208 2317 1283 2340 cum
1310 2319 1348 2341 re
1374 2306 1509 2352 syllaba
1535 2318 1628 2342 com-

225 2366 348 2413 positis
388 2367 584 2403 adiciuntur
622 2377 731 2413 neque
771 2366 880 2411 magis
911 2364 1086 2401 offendunt
1119 2376 1219 2411 quam
1255 2376 1333 2401 cum
1368 2377 1430 2401 nos
1465 2367 1626 2403 dicimus:

226 2426 352 2462 wieder
382 2427 643 2463 zuriickkehren
675 2430 709 2462 et
742 2425 868 2462 similia
902 2425 986 2470 alia,
1018 2425 1141 2471 quibus
1167 2436 1222 2461 res
1249 2425 1285 2460 in
1312 2437 1389 2461 eum
1419 2430 1553 2462 statum
1575 2427 1628 2463 vel

225 2485 337 2521 locum
364 2486 477 2522 redire
504 2486 716 2531 significatur
743 2486 833 2521 unde
859 2485 1011 2532 profecta
1037 2488 1099 2520 est.
1151 2484 1225 2520 Hac
1252 2486 1424 2522 sententia
1447 2486 1627 2522 Lucretius

1394 2544 1432 2572 5·
