1835 2765
875 55 918 90 19

190 149 293 186 aliam
322 151 387 186 nisi
416 151 558 198 copulae
584 152 652 187 vim
682 156 784 198 atque
811 152 1097 197 significationem
1126 152 1300 200 habere*).
1332 174 1374 178 ·—
1402 154 1486 189 Post
1513 154 1598 189 haec

190 210 349 258 exempla
376 210 480 247 affero
509 223 551 247 ex
578 211 665 248 libro
693 212 805 259 primo
833 223 971 247 versum
999 213 1071 248 974
1097 214 1302 249 alterutrum
1323 215 1479 260 fatearis
1506 215 1598 249 enim

189 283 372 318 sumasque
409 278 589 314 necessest,
631 271 755 307 deinde
789 282 832 307 ex
865 271 954 306 libro
981 271 1011 306 ΙΙ
1037 284 1087 307 vs.
1109 270 1240 318 788189
1275 280 1346 308 tum
1370 287 1481 321 porro
1508 287 1598 321 quae

189 331 285 366 ducit
315 338 346 365 et
374 331 503 375 inlicit,
543 337 583 365 ut
614 330 806 366 tribuamus
835 331 1028 378 Principiis
1063 350 1106 355 -—
1140 344 1247 366 causa
1286 333 1433 377 colores,
1473 345 1504 368 v.
1526 334 1595 369 717

187 390 305 424 vitalis
342 395 455 424 motus
493 391 685 424 consentire
721 397 824 436 atque
860 391 1017 433 imitari,
1059 401 1101 425 ex
1141 390 1229 425 libro
1269 390 1314 425 ΙΙΙ
1354 402 1490 427 versum
1525 394 1596 428 592

188 449 324 484 videtur
351 447 409 483 Ire
435 449 555 483 anima
581 461 623 483 ac
648 456 715 484 toto
742 450 835 484 solui
859 450 900 485 de
927 462 1075 497 corpore
1099 450 1195 493 velle,
1224 461 1265 484 ex
1293 449 1382 485 libro
1404 450 1448 485 IV
1482 463 1530 486 vs.
1551 453 1597 486 70

187 509 300 542 iacere
331 518 373 541 ac
404 506 534 553 larqiri
565 507 648 551 (res)
679 509 788 544 multa
818 510 973 544 videmus
999 513 1034 544 et
1059 509 1130 544 354
1157 511 1228 544 sive
1254 511 1359 544 etiam
1379 511 1501 556 potius
1527 523 1598 545 non

286 653 318 691 ὓ)
339 653 461 683 Subicio
486 652 548 689 hic,
573 660 633 689 quo
659 652 765 681 melius
791 660 838 681 res
864 652 1136 690 circumspiciatur,
1165 661 1216 683 eos
1238 654 1335 691 locos,
1357 654 1409 691 qui
1430 661 1489 682 non
1511 655 1599 690 pauci

189 707 272 741 sunt,
304 702 355 733 ubi
387 703 436 732 illa
463 701 556 732 verba
582 710 649 731 cum
677 701 835 739 participio
862 702 1023 731 coniuncta
1048 702 1254 732 inveniuntur:
1288 702 1402 731 111349
1424 703 1599 732 coniunctam

189 753 350 789 consistere,
378 752 428 781 ubi
450 751 604 789 praecedit
625 751 799 780 coniunctast
817 760 904 780 causa
923 752 1036 787 salutis,
1068 752 1110 780 ita
1130 755 1163 781 ut
1183 755 1302 789 poetam
1325 752 1460 781 variasse
1480 755 1598 781 tantum

189 802 355 831 orationem
385 804 542 839 appareat,
569 807 667 837 neque
695 800 780 829 aliter
807 799 948 836 intellego
975 800 987 828 1
1007 800 1064 829 235
1090 802 1215 830 consistit
1233 801 1355 838 refecta,
1378 802 1454 831 1028
1475 802 1602 831 consistit

189 856 294 887 creata,
317 851 343 880 11
365 851 422 880 906
444 851 592 879 consistere
614 853 699 885 creta,
721 849 835 878 111844
857 850 1029 878 consistimus
1048 850 1142 879 uniter
1161 851 1229 888 apti,
1250 851 1277 879 V
1292 851 1330 880 60
1351 851 1497 880 consistere
1512 855 1598 887 creta,

190 899 243 928 ubi
258 900 444 935 Munronem,
466 899 492 928 si
505 898 675 927 versionem
697 898 762 926 eius
783 897 982 935 comparabis,
1003 907 1063 927 non
1084 907 1202 935 semper
1216 899 1272 927 sibi
1287 900 1457 928 constitisse
1471 908 1598 936 cognos—

190 957 263 986 ces;
283 948 392 978 deinde
414 947 440 977 V
457 947 512 977 199
534 951 613 977 tanta
633 951 690 976 stat
705 947 839 985 praedita
860 947 954 985 culpa,
975 946 1056 984 quod
1071 946 1281 976 Lachmannus
1303 949 1435 985 reposuit
1457 948 1546 977 etiam
1568 949 1599 977 in

189 1008 217 1027 v.
233 998 260 1027 11
277 999 346 1035 181,
374 997 494 1034 melius,
524 1000 556 1026 ut
585 995 657 1025 mihi
684 995 819 1033 videtur,
847 996 971 1025 aliorum
1002 996 1132 1026 virorum
1155 996 1311 1026 doctorum
1334 997 1469 1026 invento:
1496 1002 1600 1027 tantast

188 1056 222 1076 ea
246 1047 379 1085 praedita
406 1047 503 1084 culpa,
531 1045 612 1082 quod
641 1045 811 1073 Lucretium
838 1044 895 1073 hoc
921 1048 1049 1082 utroque
1074 1045 1140 1074 loco
1166 1046 1321 1082 scripsisse
1347 1049 1455 1082 putant
1479 1046 1599 1083 Pollius,

188 1095 326 1125 Holtzius
363 1095 404 1130 (in
441 1097 604 1133 syntaxeos
635 1094 834 1123 Lucretianae
871 1094 1059 1123 lineamentis
1094 1103 1123 1131 p.
1149 1094 1226 1131 154).
1268 1094 1373 1123 Munro
1404 1095 1503 1132 priore
1534 1096 1600 1124 loco

193 1146 300 1175 vertit:
329 1155 358 1174 so
376 1150 459 1183 qreat
478 1154 529 1174 are
549 1144 592 1174 the
613 1144 717 1179 defects
737 1144 804 1173 with
823 1144 913 1173 which
932 1144 957 1173 it
975 1144 999 1173 is
1020 1144 1209 1180 encumbered,
1231 1144 1327 1174 altero
1348 1144 1435 1174 dixit:
1462 1145 1486 1174 it
1504 1145 1601 1174 stands

191 1194 380 1229 cncumbered,
401 1194 482 1230 quod
504 1196 601 1229 certe,
628 1194 653 1221 si
675 1201 722 1221 res
743 1196 824 1221 recte
845 1193 1038 1229 intellegitur,
1061 1202 1121 1222 non
1142 1194 1268 1222 multum
1291 1193 1382 1222 habet
1403 1194 1600 1231 discriminis3

189 1242 339 1280 quomodo
368 1244 469 1271 autem
495 1241 698 1278 intellegenda
726 1241 773 1278 sit,
800 1241 956 1270 declarant
982 1241 1043 1270 duo
1069 1241 1127 1270 loci
1153 1250 1172 1271 a
1198 1242 1393 1272 Lachmanno
1420 1242 1458 1271 ad
1480 1251 1600 1271 versum

189 1293 216 1321 11
235 1293 288 1322 181
310 1292 400 1329 allati,
422 1292 497 1321 alter
512 1291 655 1321 Varronis
676 1300 781 1321 versus
802 1299 818 1320 e
839 1291 935 1322 Nonio
957 1292 1070 1330 petitus
1091 1292 1140 1321 cui
1158 1292 1184 1321 si
1203 1296 1254 1321 stet
1275 1293 1365 1321 terrai
1384 1292 1506 1322 traditus
1525 1293 1601 1322 orbis

189 1342 264 1369 alter
290 1341 459 1377 exemplum
482 1340 693 1368 Lucretianum
721 1345 747 1369 et
770 1341 851 1374 finita
877 1341 961 1369 simul
983 1342 1141 1378 qencratim
1162 1346 1284 1379 tempora
1304 1342 1387 1370 rebus
1406 1341 1504 1376 Stare,
1531 1342 1557 1370 h.
1574 1350 1599 1370 e.

187 1389 270 1424 finita
295 1397 352 1418 esse
377 1388 401 1424 (1
421 1387 561 1425 563f64);
589 1396 658 1416 nam
685 1388 715 1416 in
740 1396 770 1416 v.
791 1387 831 1416 VI
860 1388 934 1416 1056
958 1389 1083 1426 pondere
1104 1389 1176 1417 enim
1192 1388 1291 1425 fretae
1309 1390 1416 1427 partim
1436 1394 1513 1418 stant
1532 1398 1599 1418 cum

189 1439 334 1468 Munrone
356 1438 456 1475 aptius
477 1437 515 1466 de
536 1437 656 1474 propria
676 1436 776 1466 standi
797 1437 826 1465 vi
848 1436 1046 1475 cogitabitur3
1068 1442 1144 1467 stant
1164 1440 1212 1467 est
1226 1438 1305 1467 enim
1320 1448 1375 1467 non
1390 1443 1600 1475 commoventur,

189 1487 271 1523 quod
302 1486 379 1515 bene
411 1486 540 1523 quadrat
570 1485 608 1514 ad
639 1486 828 1515 sententiam.
869 1486 974 1515 Munro
1004 1485 1121 1515 confert
1141 1486 1296 1516 Aeneidos
1326 1496 1447 1516 versum
1477 1488 1518 1516 111
1543 1489 1601 1517 210

187 1535 360 1574 Strophades
380 1534 470 1564 Graio
496 1539 571 1564 stant
599 1535 707 1563 nomine
732 1534 836 1570 dictae,
862 1543 921 1572 quo
942 1535 1048 1564 leviter
1068 1538 1159 1572 poeta
1180 1544 1215 1564 ac
1236 1536 1337 1565 iocose
1358 1537 1423 1565 sine
1444 1536 1537 1566 dubio
1558 1537 1600 1566 rei

189 1589 219 1615 et
241 1585 369 1615 nominis
391 1584 573 1614 contrarium
595 1582 758 1621 significat,
780 1586 811 1613 et
831 1584 997 1621 comparari
1018 1586 1119 1622 potest
1140 1585 1220 1622 apud
1242 1586 1415 1615 Lucretium
1437 1586 1479 1615 1V
1493 1586 1600 1621 424125

186 1635 313 1673 porticus
339 1634 453 1672 aequali
476 1634 601 1671 quamvis
628 1637 669 1661 est
699 1634 815 1671 denique
840 1634 924 1661 ductu
944 1633 1082 1671 Stansque
1108 1634 1139 1661 in
1161 1639 1326 1671 perpetuum
1344 1635 1463 1672 paribus
1482 1635 1599 1672 suffulta

188 1683 338 1718 columnis,
370 1681 398 1710 h.
420 1689 446 1711 e.
472 1681 586 1720 aequali
609 1685 650 1710 est
674 1681 759 1710 ductu
784 1686 891 1720 statque
911 1682 1032 1720 paribus
1060 1682 1192 1710 columnis
1218 1682 1347 1720 suffulta,
1375 1683 1464 1719 paulo
1485 1682 1598 1719 signifi-

189 1732 307 1761 cantius
333 1731 447 1760 dictum
475 1730 602 1768 simplici
624 1731 800 1769 paribusque
826 1731 959 1760 columnis
979 1730 1095 1770 suffulta
1116 1731 1190 1767 (est).
1212 1747 1248 1751 —
1270 1731 1430 1760 Praeterea
1450 1731 1507 1760 hoc
1528 1735 1598 1769 apte

190 1780 296 1809 Munro
317 1779 399 1816 dicit,
421 1779 501 1816 apud
523 1780 694 1808 Lucretium
717 1776 843 1809 constare
864 1780 985 1817 saepius
1006 1788 1095 1817 quam
1117 1784 1191 1808 stare
1211 1779 1267 1808 hac
1288 1781 1438 1809 sententia
1457 1781 1597 1816 inveniri;

189 1829 291 1866 posuit
321 1828 401 1857 enim
432 1830 523 1865 poeta
548 1827 622 1856 illud
648 1827 694 1857 his
722 1829 809 1858 locis:
840 1829 856 1857 I
876 1829 933 1858 502
959 1829 1032 1858 unde
1058 1829 1144 1857 omnis
1164 1838 1258 1857 rerum
1278 1839 1352 1857 nunc
1373 1834 1476 1859 constet
1494 1840 1599 1858 summa

188 1882 294 1914 creata,
315 1877 345 1906 id
366 1880 428 1905 est:
449 1877 522 1905 unde
543 1881 640 1905 creata
659 1877 697 1905 sit
708 1878 796 1905 omnis
813 1877 881 1906 haec
894 1887 1001 1906 summa
1014 1887 1117 1913 rerum,
1138 1878 1185 1906 vel
1200 1878 1288 1906 omnis
1301 1887 1396 1906 rerum
1409 1888 1515 1907 summa
1529 1888 1599 1916 quac

189 1936 263 1955 nunc
290 1931 331 1955 est
357 1927 392 1954 ut
413 1925 424 1954 1
447 1925 538 1961 1028,
565 1925 636 1962 235,
658 1924 696 1953 cf.
712 1925 740 1954 V
758 1926 813 1954 194
835 1925 885 1954 ubi
908 1925 1029 1955 uberius
1050 1926 1124 1955 dicit
1143 1927 1271 1964 qualibus
1292 1926 1359 1955 haec
1378 1936 1472 1955 rerum
1489 1928 1599 1965 qeritur

188 1985 263 2005 nunc
288 1985 394 2004 summa
414 1974 540 2003 novando
546 1984 555 2008 ,-
582 1973 691 2002 deinde
711 1974 727 2002 I
747 1974 801 2003 581
822 1975 956 2012 praedita
977 1980 1116 2011 constant,
1143 1975 1251 2011 584185
1271 1976 1383 2004 reddita
1400 1976 1464 2010 finis
1484 1980 1598 2011 constat,

189 2028 294 2053 contra
321 2026 410 2052 antea
438 2024 496 2051 577
522 2023 629 2051 nullast
652 2023 764 2051 reddita
783 2024 863 2059 finis,
890 2024 975 2052 1848
994 2025 1129 2061 praedita
1150 2029 1289 2059 constant,
1319 2025 1403 2053 1950
1422 2035 1477 2061 qua
1498 2029 1601 2053 constet

189 2078 299 2112 compta
312 2074 422 2111 fiqura,
443 2072 456 2101 1
471 2072 576 2107 956157
595 2075 689 2099 utrum
701 2071 815 2108 finitum
835 2080 913 2099 omne
927 2070 1045 2108 Constet,
1067 2073 1165 2101 11528
1180 2082 1313 2101 summam
1332 2073 1463 2101 materiai
1475 2071 1600 2101 Finitam

189 2128 331 2159 constare,
358 2122 473 2152 V1219
499 2121 579 2160 quali
603 2125 708 2150 natura
730 2120 862 2159 praedita
886 2125 1009 2150 constent
1027 2120 1170 2151 Fulmina.
1198 2138 1233 2141 —
1256 2121 1361 2150 Restat
1382 2126 1491 2157 actare,
1518 2121 1599 2159 quod

189 2172 235 2202 his
262 2172 335 2201 locis
362 2171 505 2201 occurrit:
536 2171 547 2199 1
567 2171 623 2200 587
652 2170 789 2199 sancitum
809 2174 897 2206 extat,
925 2169 982 2199 625
1003 2180 1074 2208 quae
1093 2171 1179 2199 nullis
1196 2171 1328 2209 praedita
1345 2171 1477 2208 partibus
1499 2176 1600 2207 extent,

189 2222 217 2251 V
234 2222 308 2250 1032
329 2230 436 2249 cornua
457 2225 525 2249 nata
548 2225 649 2256 extent,
671 2220 713 2249 VI
730 2220 786 2248 188
800 2228 910 2248 sursum
931 2223 1059 2248 extructa
1080 2220 1150 2257 quid
1162 2224 1260 2254 extent,
1280 2219 1338 2247 494
1352 2220 1443 2248 exitus
1456 2220 1600 2250 introitus-

189 2280 241 2309 que
262 2270 399 2300 elementis
418 2270 546 2299 redditus
567 2274 652 2306 extat,
673 2268 802 2307 denique
824 2269 923 2298 11933
945 2267 995 2297 ubi
1009 2268 1162 2297 Munronis
1182 2268 1311 2307 proditus
1332 2273 1407 2297 extet
1425 2268 1498 2298 mihi
1512 2270 1600 2299 valde

188 2320 304 2356 placet;
326 2319 380 2349 sed
401 2319 483 2356 quod
503 2319 583 2348 idem
605 2319 651 2348 vir
672 2318 779 2348 doctus
799 2318 856 2347 hoc
876 2318 941 2347 loco
962 2317 1091 2354 exempli
1113 2326 1205 2346 causa
1226 2317 1444 2347 affert111927
1467 2329 1517 2348 nec
1527 2320 1600 2358 quis-

189 2379 273 2406 quam
303 2369 463 2407 eoeperqitus
494 2373 583 2404 catat,
614 2368 642 2397 ei
672 2367 823 2405 propriam
853 2367 912 2396 vim
933 2366 1158 2403 relinquendam
1180 2374 1246 2395 esse
1267 2366 1425 2396 existimo:
1457 2377 1507 2397 nec
1526 2369 1600 2406 quis—

189 2427 272 2454 quam
297 2421 374 2446 extat
399 2417 449 2455 qui
468 2421 646 2455 experrectus
666 2417 716 2452 sit,
742 2419 901 2454 postquam
923 2422 1027 2444 somno
1049 2415 1234 2452 sempiterno
1256 2416 1432 2453 consopitus
1453 2419 1509 2446 est.
1550 2416 1600 2453 (cf.

189 2465 232 2495 IV
248 2466 325 2495 1220
344 2470 521 2504 maternoque
541 2474 632 2494 mares
653 2465 776 2494 existunt
797 2473 912 2503 corpore
935 2464 1025 2499 creti.)

1318 2513 1337 2542 2
1350 2514 1365 2531 *
