1835 2765
910 33 953 69 71

228 137 349 165 currat
371 132 421 166 ita
446 138 484 166 ut
515 132 551 166 in
585 131 705 167 ultimo
736 134 892 179 maraine
923 135 1095 168 consistat.
1158 133 1225 169 Sed
1251 134 1300 169 ita
1327 145 1461 180 quoque
1488 138 1636 181 apparet

229 188 395 225 adiectivo
422 190 507 225 nihil
525 190 616 235 addi,
644 191 733 237 quod
751 192 836 238 ipsis
860 191 1001 237 reliquis
1022 192 1133 228 verbis
1152 204 1221 227 non
1238 193 1386 229 dilucide
1404 194 1633 240 exprimatur,

228 251 263 283 et
287 252 423 294 poetam
451 260 518 284 non
545 253 617 284 tam
644 251 833 286 sententiae
851 251 1057 286 necessitate
1083 254 1238 286 coactum
1266 263 1367 297 quam
1393 252 1500 298 lepidi
1518 253 1633 288 cuius-

228 306 305 341 dam
333 307 427 343 lusus
456 308 636 344 verborum
670 320 773 344 causa
806 308 891 344 illud
917 310 1057 344 ultimus
1091 309 1256 344 adiecisse
1284 311 1436 355 profecto
1462 322 1530 346 non
1557 312 1632 347 sine

227 366 368 403 consilio
387 367 559 404 rhetorico
586 367 689 403 simul
716 371 818 415 atque
845 367 997 415 pondere
1024 371 1154 415 aperto.

324 426 394 461 Iam
423 438 501 462 vero
529 427 572 461 ad
590 438 661 462 rem
682 428 893 473 propositam
912 431 1142 470 revertamur3
1168 427 1245 462 illos
1265 428 1356 462 enim
1374 428 1465 464 locos
1484 433 1632 466 tractare

228 494 426 531 coeperam,
458 485 516 520 ubi
550 485 690 521 verbum
723 486 815 521 vocis
846 485 1024 521 cuiusdam
1059 486 1240 533 appositae
1275 487 1479 522 sententiam
1518 489 1632 535 ipsum

227 544 519 591 complectebatur
550 545 598 580 ita
632 550 669 581 ut
701 546 760 582 illa
793 549 932 593 praeter
966 547 1156 582 sententiae
1195 546 1436 582 necessitatem
1476 557 1552 583 cum
1592 559 1631 583 eo

227 604 409 639 coniuncta
435 604 618 640 videretur.
673 605 710 640 In
737 617 804 652 qua
831 618 867 642 re
895 617 971 641 cum
1000 607 1190 651 nominum,
1224 606 1484 651 adiectivorum,
1512 606 1632 642 adver-

227 663 359 698 biorum
388 663 541 700 ordinem
570 665 773 700 confecerim
802 665 969 712 exemplis
1001 665 1115 701 allatis
1142 665 1321 711 causisque
1348 664 1518 701 ubertatis
1545 676 1632 711 quae

227 723 310 757 mihi
340 723 542 759 videbantur
569 727 688 759 extare
715 725 893 770 expositis,
929 728 1037 760 restat
1063 728 1101 760 ut
1126 725 1167 760 de
1194 726 1312 771 paucis
1339 725 1388 760 eis
1415 724 1499 760 locis
1527 724 1633 759 verba

227 782 369 827 faciam,
402 783 436 818 in
470 783 593 829 quibus
624 784 782 828 gerundii
817 783 966 819 ablativo
993 784 1124 819 adiecto
1157 784 1278 819 similis
1306 784 1473 820 ubertatis
1499 784 1631 830 species

227 844 380 888 paratur.
431 842 470 877 In
503 842 565 877 hoc
598 854 722 886 genere
749 846 801 877 est
833 843 922 888 quod
956 846 1058 889 poeta
1083 843 1118 878 in
1146 855 1176 878 V.
1200 843 1214 878 I
1242 844 1311 879 202
1345 844 1429 879 dicit
1453 844 1631 890 multaque

226 902 370 936 vivendo
401 903 524 937 vitalia
550 904 684 937 vincere
710 902 841 944 saecla3
873 913 953 936 nam
988 902 1124 937 vivendi
1150 913 1230 937 voce
1257 904 1292 937 in
1319 903 1382 937 hac
1407 907 1529 949 aperta
1554 914 1630 938 ver-

227 959 347 995 borum
374 960 547 996 sententia
576 960 670 996 nullo
704 960 804 995 modo
838 971 924 1006 opus
951 963 1035 995 erat.
1089 960 1157 995 Sed
1183 962 1246 995 hoc
1272 961 1407 1006 quidem
1435 961 1509 997 loco
1536 965 1629 997 certe

227 1018 373 1055 multum
400 1019 640 1055 alliterationis
669 1020 781 1055 studio
800 1019 1020 1056 tribuendum
1040 1020 1105 1055 erit
1123 1018 1193 1065 (cui
1212 1020 1388 1055 literarum
1408 1020 1629 1056 similitudini

226 1082 306 1125 apte
331 1080 547 1126 comparabis
576 1091 605 1114 v.
627 1079 671 1114 lV
704 1080 795 1116 1202
810 1080 953 1126 femina
978 1081 1047 1115 cim
1072 1081 1155 1115 vicit
1186 1080 1300 1115 subita
1329 1082 1366 1115 vi
1396 1082 1630 1127 corripuitque

227 1142 260 1173 et
286 1137 459 1174 Ciceronis
487 1139 590 1174 verba
617 1139 650 1173 in
679 1150 727 1173 or.
748 1150 810 1185 pro
838 1138 963 1173 Milone
994 1140 1050 1183 11,
1078 1140 1125 1175 30
1150 1141 1187 1173 vi
1211 1141 1301 1174 victa
1328 1136 1394 1184 vie)
1419 1139 1569 1185 itemque
1594 1139 1630 1174 in

226 1209 256 1232 v.
277 1198 323 1233 III
350 1199 420 1233 946
448 1200 564 1233 omnia
595 1200 627 1233 si
646 1211 777 1245 perque
808 1199 952 1232 vivendo
983 1200 1118 1232 vincere
1148 1199 1279 1239 saecla5
1320 1197 1439 1233 eadem
1473 1198 1631 1244 placuere

227 1258 328 1291 etiam
361 1257 511 1301 Vergilio
552 1258 585 1291 in
619 1257 705 1291 Aen.
732 1256 780 1291 XI
812 1258 879 1291 160
910 1264 1028 1291 contra
1064 1270 1124 1303 eqo
1157 1258 1301 1291 viz-endo
1334 1259 1404 1291 vici
1434 1269 1510 1291 mea
1530 1257 1629 1302 fata,

227 1327 431 1361 quamquam
466 1320 500 1350 et
531 1315 584 1350 hic
615 1314 861 1361 praetermissa
892 1314 1120 1350 alliteratione
1153 1315 1212 1350 sed
1244 1314 1363 1350 eadem
1397 1315 1570 1350 sententia
1596 1315 1631 1349 in

226 1373 349 1418 Georg.
369 1374 400 1409 II
428 1376 498 1410 295
525 1375 613 1409 dixit
643 1375 753 1409 multa
785 1376 899 1409 virum
928 1374 1065 1409 volvens
1100 1375 1259 1409 durando
1294 1375 1434 1409 saecula
1465 1376 1573 1410 vincit
1599 1378 1633 1409 et

226 1432 407 1468 Lucretius
433 1433 506 1479 ipse
532 1432 579 1468 ΙΙΙ
610 1433 700 1468 1088
722 1434 874 1480 proinde
900 1433 977 1468 licet
1003 1434 1137 1479 quotvis
1163 1434 1307 1468 vivendo
1335 1434 1480 1468 condere
1505 1434 1627 1468 saecla.

226 1492 320 1527 Idem
338 1491 518 1528 Lucretius
537 1492 682 1528 alterum
710 1497 743 1527 et
769 1496 925 1538 apertum
950 1492 1050 1527 huius
1069 1492 1214 1527 rationis
1233 1491 1428 1538 exemplum
1448 1493 1630 1538 proposuit-

226 1551 325 1586 nobis
351 1552 387 1586 in
413 1564 444 1587 v.
466 1552 493 1587 V
513 1553 581 1587 847
601 1559 638 1587 ut
650 1552 884 1599 propagando
910 1553 1045 1598 possint
1068 1552 1259 1598 procudere
1284 1552 1416 1592 saecla3
1442 1562 1521 1586 nam
1545 1564 1629 1598 pro-

227 1612 348 1646 cudere
374 1615 425 1647 est
448 1614 589 1659 yzyozere
616 1615 653 1647 ut
677 1611 710 1646 H
740 1612 830 1647 1115
856 1612 970 1658 iqnem
994 1612 1088 1658 iynes
1110 1611 1312 1658 procudunt
1338 1614 1372 1645 et
1389 1610 1437 1646 Ill
1458 1610 1549 1646 1079
1568 1623 1629 1646 nec

225 1683 317 1704 nova
342 1673 485 1706 vivendo
506 1673 719 1718 procuditur
744 1671 818 1705 ulla
843 1671 1002 1716 voluptas
1028 1668 1149 1714 (semel
1174 1673 1307 1704 tantum
1328 1670 1469 1715 propria
1495 1669 1528 1704 vi
1547 1680 1628 1704 usus

227 1732 279 1763 est
305 1732 406 1775 poeta
431 1729 466 1764 in
494 1741 525 1764 v.
552 1729 580 1764 V
610 1729 734 1774 1263),
767 1739 829 1764 nec
855 1728 991 1763 diversa
1025 1727 1159 1763 videtur
1186 1727 1368 1762 verborum
1395 1728 1565 1763 sententia
1590 1728 1626 1762 in

226 1800 257 1823 V.
277 1788 309 1823 II
330 1786 438 1834 1146)
466 1791 581 1825 onmia
608 1789 704 1824 debet
729 1790 818 1823 enim
846 1788 940 1823 cibus
958 1790 1128 1835 inteqrare
1145 1789 1305 1823 novando
1325 1787 1384 1823 sed
1411 1792 1445 1823 et
1471 1786 1524 1823 his
1541 1787 1626 1823 locis

226 1852 261 1883 et
286 1849 322 1883 in
348 1860 398 1884 vs.
418 1848 447 1883 V
474 1846 606 1895 593s94
640 1849 733 1895 quod
763 1849 879 1883 marta
904 1861 946 1882 ac
971 1855 1080 1883 terras
1113 1849 1222 1882 omnis
1254 1848 1452 1894 caelumque
1476 1848 1625 1894 riqando

227 1907 404 1955 Compleat
434 1908 529 1943 varia
561 1908 711 1952 imagine
743 1907 860 1952 lepida
887 1907 1038 1942 eiusdem
1067 1906 1118 1942 rei
1144 1906 1271 1952 duplex
1298 1905 1511 1951 significatio.
1564 1906 1627 1941 His

227 1978 314 2014 quae
333 1966 433 2002 attuli
451 1966 664 2002 simillimum
693 1969 745 2001 est
762 1965 846 2000 illud
864 1967 901 2000 in
919 1967 1127 2001 remorando
1145 1967 1292 2001 haesitat
1309 1966 1343 2001 in
1363 1977 1411 2000 VS.
1433 1964 1477 2000 VI
1496 1962 1629 2012 3332'34

226 2041 296 2063 uon
322 2029 431 2075 iqitur
455 2028 571 2062 multis
590 2026 772 2073 offensibus
798 2027 835 2060 in
853 2027 1058 2060 ‘remorando
1075 2026 1254 2068 Haesitat3
1281 2037 1358 2060 nam
1378 2036 1421 2060 ne
1438 2025 1528 2060 inter
1546 2025 1630 2061 haec

228 2086 365 2133 quidem
399 2086 502 2122 verba
534 2086 680 2121 multum
712 2084 921 2120 discriminis
954 2085 1120 2119 interesse
1154 2085 1346 2130 reperietur
1371 2087 1405 2119 et
1431 2084 1548 2119 eadem
1578 2088 1631 2120 est

228 2146 438 2182 abundantia
465 2146 561 2191 quasi
582 2149 684 2192 poeta
701 2144 829 2180 dixerit
846 2151 1041 2179 remoratur
1059 2151 1090 2179 et
1106 2145 1253 2179 haesitat
1270 2147 1307 2178 ut
1326 2142 1446 2178 Munro
1466 2143 1630 2190 explicat,

228 2206 286 2252 qui
312 2210 404 2241 recte
430 2206 466 2240 in
492 2204 649 2250 gerundii
676 2204 786 2239 forma
812 2204 881 2238 vim
908 2203 1081 2249 participii
1116 2203 1306 2248 praesentis
1332 2203 1443 2237 inesse
1472 2203 1630 2239 animad-

228 2266 331 2301 vertit
358 2270 391 2301 et
417 2265 572 2312 pluribus
599 2265 750 2299 eiusdem
778 2263 911 2307 generis
938 2262 1105 2308 exemplis
1132 2262 1194 2297 hoc
1220 2262 1304 2297 satis
1330 2262 1521 2297 confirmat.
1563 2263 1630 2299 Sed

229 2336 270 2358 ne
298 2324 356 2359 illa
382 2325 519 2370 quidem
548 2335 634 2369 quae
669 2327 770 2357 antea
797 2321 895 2357 attuli
923 2321 1089 2367 simplicis
1117 2321 1258 2356 ablativi
1284 2321 1442 2365 gerundii
1470 2322 1629 2368 exempla

229 2382 328 2418 aliter
361 2387 441 2419 sunt
471 2382 655 2418 iudicanda
687 2385 721 2417 et
747 2380 926 2417 dilucidior
953 2379 1035 2415 haec
1062 2381 1149 2416 ratio
1177 2379 1215 2416 fit
1241 2380 1416 2415 nonnullis
1443 2380 1539 2426 locis,
1573 2381 1628 2416 ubi

229 2443 263 2478 in
290 2442 394 2478 simili
422 2443 603 2479 verborum
630 2442 800 2478 sententia
825 2439 983 2486 gerundii
1010 2439 1197 2475 ablativum
1225 2444 1258 2476 et
1285 2440 1507 2488 participium
1533 2452 1629 2487 prae·
