1835 2765
873 34 920 69 82

187 129 244 164 ubi
273 129 414 164 verbum
443 128 654 175 praecedens
681 130 731 165 ita
748 130 930 177 repetitur,
956 133 995 166 ut
1020 131 1241 178 participium
1270 131 1422 167 eiusdem
1442 132 1538 168 verbi
1565 134 1599 168 in

186 188 422 223 enuntiatione
450 189 607 235 sequenti
634 189 758 224 iterum
788 193 949 236 ponatur,
977 189 1066 236 quod
1093 190 1268 237 participii
1294 190 1433 237 repetiti
1460 191 1598 227 nomine

186 246 338 283 breviter
365 247 542 294 appellare
569 248 655 283 mihi
681 248 795 284 liceat.
836 249 1022 285 Latissime
1047 252 1145 295 patet
1171 249 1226 285 hic
1251 261 1333 285 usus
1360 251 1396 285 in
1415 250 1599 296 participio

184 306 327 352 perfecti
356 307 487 353 passivi
507 311 566 343 aut
585 308 790 343 nominativi
809 318 891 343 casu
912 310 972 343 aut
989 308 1113 343 obiecti
1130 307 1203 343 loco
1223 308 1356 352 iterati3
1383 307 1462 344 vide
1480 319 1600 344 versus

184 364 216 400 ΙΙ
242 365 314 402 566
342 373 374 401 et
398 379 452 402 res
465 369 640 415 pr09i9m‘
664 375 696 403 et
717 369 855 415 penitas
867 380 1089 415 procrescere
1113 381 1226 415 posse,
1255 366 1283 403 V
1303 364 1431 415 729131
1462 381 1524 403 cur
1540 381 1600 404 ne-

186 432 289 471 queat
318 438 454 472 semper
479 440 570 461 nova
597 428 681 462 luna
708 429 823 462 creari
847 447 893 451 ——
921 428 1032 473 Inque
1050 429 1123 462 dies
1135 429 1260 474 privos
1278 427 1431 462 aborisci
1446 440 1601 474 quaeque

186 490 318 529 creata,
361 484 411 519 ita
451 495 584 530 quoque
626 488 663 518 ut
694 484 915 531 participium
953 485 989 519 in
1022 486 1200 521 enuntiato
1234 485 1397 533 pendenti
1424 489 1601 532 repetatur

189 540 217 576 ΙΙ
244 540 392 589 266167
434 545 544 578 omnis
577 545 684 585 emim,
723 550 831 578 totum
855 556 925 590 per
956 556 1099 591 corpus,
1135 547 1299 580 materiai
1328 545 1437 593 Copia
1470 547 1603 580 conciri

189 601 301 646 debet,
335 604 469 638 concita
499 615 568 649 per
599 610 696 638 artus
726 602 846 638 Omnis
878 610 916 638 ut
941 604 1095 639 studium
1119 606 1242 640 mentis
1268 607 1393 641 conixa
1419 612 1600 652 aequatum

189 660 312 696 deinde
339 661 352 696 I
379 658 511 708 227128
543 663 634 697 unde
667 663 819 697 animale
847 675 955 709 penus
986 682 1026 686 -—
1056 663 1230 699 Redducit
1269 665 1398 710 Venus,
1430 671 1492 699 auc
1520 665 1600 699 red-

188 721 328 755 ductum
355 741 400 744 —
429 722 528 756 tellus
563 721 659 756 Unde
686 722 751 756 alit
784 724 818 756 et
843 721 873 756 Il
901 723 947 757 63
975 719 1194 768 (primordia)
1221 736 1275 759 res
1306 726 1425 759 variae
1454 725 1603 771 yiqnant

183 781 388 826 penitusque
414 781 600 824 resolvant,
630 780 754 825 quibus
782 781 810 815 ei
839 780 905 815 loci
933 780 1182 817 adnumerandi
1210 786 1301 827 sunt,
1329 783 1387 818 ubi
1414 794 1483 817 non
1511 783 1601 818 eius-

188 837 264 872 dem
294 838 353 873 sed
381 838 567 885 synonymi
595 838 691 874 verbi
719 839 943 886 participium
971 840 1157 887 repetitum
1185 843 1297 876 extat:
1327 840 1354 876 V
1373 842 1445 877 429
1464 843 1603 877 tandem

187 900 392 933 conveniant
422 912 462 933 ea
490 911 578 945 quae
605 906 766 934 convecta
792 906 930 946 repente
957 900 1170 947 Mwwruwz
1193 914 1308 936 rerum
1323 902 1421 951 fiunt
1444 903 1601 946 exordia,

188 956 200 991 Ι
229 955 363 1003 265166
390 971 446 993 res
464 979 507 982 —
535 972 607 994 mm
629 971 734 1005 posse
761 960 876 994 creari
899 959 956 994 De
981 960 1053 994 nilo
1081 972 1190 1007 neque
1215 962 1294 995 item
1317 962 1453 1008 penitas
1480 962 1528 996 ad
1551 961 1604 995 m'l

187 1020 347 1053 revocari
372 1016 429 1061 (cf.
456 1017 470 1052 I
498 1018 570 1053 544
597 1020 703 1053 docui
726 1019 780 1053 m'l
803 1031 904 1065 posse
922 1021 1036 1054 creari
1051 1019 1108 1054 De
1124 1020 1195 1055 m'lo
1214 1032 1323 1067 neque
1342 1022 1436 1067 quod
1449 1022 1603 1068 qenitum

188 1084 236 1112 est
261 1079 309 1112 ad
334 1078 388 1112 nil
419 1078 590 1120 revocari)
627 1077 673 1113 IV
702 1077 856 1124 1119120
893 1080 1082 1125 teriturque
1114 1098 1160 1102 —
1186 1081 1287 1114 vestis
1313 1099 1361 1103 —
1394 1086 1424 1115 et
1465 1080 1602 1115 Veneris

189 1138 353 1172 sudorem
379 1139 528 1172 exercita
552 1144 662 1183 potat,
692 1136 849 1182 denique,
877 1147 1085 1183 quamquam
1114 1137 1148 1173 id
1167 1137 1269 1184 paulo
1296 1137 1398 1173 aliter
1416 1139 1601 1174 formatum

190 1207 265 1231 esse
293 1199 451 1242 apparet,
479 1196 524 1230 ΙΙΙ
544 1193 676 1242 616117
704 1198 737 1230 si
759 1209 830 1231 non
857 1203 950 1231 certa
977 1197 1052 1231 loca
1080 1197 1128 1231 ad
1143 1198 1355 1232 nascendum
1372 1199 1511 1233 reddita
1530 1200 1602 1233 cui-

191 1268 257 1302 que
285 1255 387 1299 Sunt,
416 1262 447 1290 et
472 1255 533 1290 ubi
558 1256 727 1301 quicquid
747 1257 863 1302 possit
889 1256 1018 1290 durare
1044 1263 1205 1291 creatum.
1247 1255 1299 1291 De
1332 1255 1396 1291 hoc
1429 1268 1492 1292 usu
1518 1267 1603 1292 non-

191 1314 287 1349 nulla
320 1314 480 1361 exposuit
506 1314 656 1349 Haasius
689 1314 723 1349 in
757 1317 839 1349 nota
865 1315 937 1350 585
964 1314 1044 1350 libri
1084 1319 1163 1350 ante
1198 1315 1329 1351 laudati
1362 1318 1396 1351 et
1425 1319 1518 1352 recte
1546 1316 1603 1352 ille

193 1374 327 1409 monuit
353 1373 442 1408 hunc
463 1385 575 1418 usum,
604 1374 661 1420 qui
684 1373 812 1409 multus
841 1377 893 1409 est
911 1374 1002 1420 apud
1022 1373 1171 1410 Graecos
1191 1377 1226 1410 et
1243 1373 1385 1410 Latinos
1404 1375 1603 1422 scriptores,

191 1434 276 1468 artis
302 1433 479 1468 cuiusdam
508 1433 700 1469 rhetoricae
732 1433 845 1469 studio
873 1433 1095 1469 tribuendum
1124 1445 1217 1479 esse,
1251 1437 1354 1480 atque
1386 1435 1538 1471 maxime
1567 1435 1604 1470 in

191 1493 342 1539 pedestri
377 1504 536 1528 sermone
577 1493 782 1539 scriptorem
824 1492 886 1528 hac
919 1493 1053 1528 ratione
1086 1495 1120 1528 et
1159 1504 1275 1528 rerum
1309 1494 1602 1529 continuationem

190 1564 427 1599 conexumque
453 1563 531 1588 cum
551 1552 658 1587 multo
686 1553 816 1587 maiore
835 1552 1013 1588 alacritate
1032 1552 1218 1598 depingere
1245 1555 1290 1598 et,
1318 1553 1347 1587 si
1374 1553 1506 1589 modice
1524 1564 1604 1600 par-

190 1611 308 1658 ticipio
336 1614 464 1657 utetur,
500 1611 693 1646 orationem
721 1611 870 1646 iucunde
898 1611 1034 1646 variare
1061 1622 1163 1657 posse
1190 1615 1349 1658 apparet3
1376 1622 1438 1647 nos
1465 1612 1603 1659 quidem

190 1671 315 1717 quibus
344 1671 407 1706 hoc
433 1671 564 1706 imitari
592 1682 660 1706 non
688 1670 769 1706 licet
797 1670 890 1705 nullo
919 1670 1020 1705 modo
1048 1670 1117 1705 vim
1146 1674 1179 1706 et
1205 1670 1410 1716 elegantiam
1438 1672 1603 1707 orationis

191 1734 346 1766 veterum
376 1731 594 1776 assequimur
621 1730 795 1765 adverbiis
808 1729 956 1774 ‘darauf‚
984 1729 1054 1764 und
1073 1729 1235 1775 sogleich,
1262 1728 1430 1765 dadurch'
1459 1730 1604 1777 aliisque

190 1791 361 1825 similibus
394 1793 454 1825 aut
487 1790 637 1836 simplici
670 1789 875 1836 pronomine
914 1789 985 1824 sive
1018 1788 1192 1835 personali
1225 1789 1297 1825 sive
1330 1789 1602 1826 demonstrativo

189 1850 381 1884 sententias
409 1849 546 1883 vinculo
580 1849 665 1883 satis
701 1849 784 1883 trito
821 1849 1077 1892 coniungentes.
1144 1847 1211 1883 Pro
1244 1848 1427 1895 participio
1459 1849 1603 1895 perfecti

189 1909 320 1955 passivi
348 1908 452 1942 etiam
487 1907 678 1954 perfectum
712 1907 915 1954 deponentis
942 1907 1117 1943 invenitur
1147 1907 1183 1942 in
1217 1918 1318 1943 versu
1346 1906 1391 1942 VI
1417 1908 1488 1944 355
1516 1920 1604 1956 quae

179 1970 295 2015 facile
320 1970 548 2003 meinzccmtm·
580 1975 610 2002 ec
635 1969 815 2002 minuata
848 1988 895 1993 —
928 1968 1138 2003 Dissoluont
1168 1969 1278 2003 nodos
1312 1969 1346 2003 et
1373 1967 1499 2003 addere
1524 1967 1605 2004 licet

189 2028 289 2063 Ovid.
309 2027 390 2062 Met.
410 2026 491 2062 XIII
522 2028 590 2062 189
617 2041 709 2062 mmo
735 2024 892 2074 equidem
912 2027 1037 2073 fateor
1055 2027 1230 2074 fassoque
1261 2028 1420 2074 iynoscat
1445 2026 1494 2074 (h.
1520 2038 1549 2063 e.
1574 2035 1606 2064 et

189 2090 348 2135 iquoscat
373 2087 472 2132 milei)
501 2087 654 2122 Anides.
684 2105 731 2110 —
758 2086 826 2122 Sed
853 2086 973 2123 eadem
1002 2087 1136 2123 ratione
1163 2086 1256 2134 apud
1273 2085 1473 2123 Lucretium
1499 2087 1603 2123 etiam

191 2147 413 2193 participium
443 2146 637 2192 praesentis
663 2157 925 2192 nonnumquam
953 2146 1102 2192 positum
1130 2146 1325 2193 reperimus
1351 2145 1367 2181 I
1393 2135 1527 2193 372174
1553 2159 1604 2182 ce-

192 2208 269 2241 dere
296 2207 529 2254 squamiyeris
558 2207 676 2242 latices
701 2225 749 2229 —
776 2207 878 2241 aiunt
903 2227 950 2233 —
978 2207 1063 2253 quia
1086 2213 1167 2254 post
1185 2206 1262 2241 loca
1277 2206 1391 2254 pisces
1408 2204 1603 2253 Linquant,

194 2278 259 2312 quo
281 2268 421 2313 possint
447 2267 600 2301 cedentes
618 2267 786 2312 confluere
803 2267 930 2311 undae,
959 2265 990 2300 II
1010 2266 1055 2301 10
1073 2278 1191 2301 errare
1208 2272 1312 2312 atque
1336 2266 1430 2299 viam
1441 2265 1605 2312 palantes

193 2337 357 2371 quaerere
381 2327 472 2361 vitae
489 2325 650 2371 idemque
668 2324 816 2372 denique
835 2323 1052 2361 sentiendum
1081 2323 1217 2360 videtur
1243 2323 1285 2359 de
1309 2322 1423 2359 verbis
1442 2334 1604 2361 versuum

193 2381 375 2432 Ι188190,
407 2397 615 2433 quamquam
650 2397 718 2422 non
751 2385 863 2422 solum
895 2396 915 2421 a
942 2382 1110 2421 Munrone
1141 2384 1288 2431 aliisque
1322 2382 1462 2421 Lucreti
1496 2384 1604 2422 inter-

192 2444 349 2491 pretibus
381 2445 440 2480 sed
472 2446 575 2481 etiam
609 2445 651 2482 ab
683 2446 759 2492 ipso
791 2445 1030 2490 Lachmanno,
1070 2444 1145 2480 viro
1186 2454 1341 2481 summae
1377 2445 1604 2491 auctoritatis,
