1835 2765
863 57 907 92 13

179 156 330 202 quidem,
358 156 414 202 qui
442 156 476 191 in
504 155 669 191 vertendo
688 154 936 190 abundantiam
963 155 1127 190 orationis
1145 154 1290 191 Latinae
1317 167 1383 191 non
1403 156 1489 191 bene
1508 155 1587 190 imi-

180 216 342 260 tabimur,
370 216 439 250 vim
460 215 608 261 duplicis
627 214 721 250 verbi
735 224 994 259 nonnumquam
1013 214 1062 249 ita
1080 214 1314 260 aequabimus,
1340 218 1379 250 ut
1396 226 1463 251 uno
1483 215 1586 250 verbo

177 278 315 311 utamur
341 286 412 311 rem
440 285 501 320 per
528 285 564 309 se
589 274 714 309 acriter
731 277 766 308 et
784 271 1019 317 significanter
1037 273 1263 319 exprimente.
1302 273 1462 321 Exempli
1482 285 1587 310 causa

177 346 315 370 versum
343 333 389 369 III
417 333 487 368 875
515 331 638 377 affero,
668 343 772 378 ¹quem
805 331 855 366 sic
880 332 1026 367 fortasse
1059 334 1193 367 vertere
1224 332 1357 367 licebit:
1389 333 1459 368 und
1491 333 1586 368 nicht

181 404 322 436 vermag
348 403 386 427 er
412 402 460 437 es,
487 392 552 426 mit
577 391 666 426 allen
693 390 855 427 Wurzeln
884 390 955 426 sich
983 402 1060 426 vom
1087 389 1203 427 Leben
1230 391 1468 428 loszureissen.

278 452 344 487 Sed
371 461 510 486 necesse
535 461 603 485 non
633 453 685 486 est
710 450 786 496 pari
813 450 994 486 verborum
1021 450 1341 495 cognominatorum
1361 461 1496 497 semper
1514 452 1583 487 vim

177 510 269 545 vocis
300 509 412 556 premi
444 512 503 545 aut
536 509 670 554 augeri,
703 520 746 545 ne
778 510 827 545 eis
862 510 999 555 quidem
1031 509 1114 545 locis
1150 521 1190 545 ea
1222 509 1393 545 inutiliter
1424 511 1585 556 copulata

176 573 268 613 sunt,
301 568 371 614 ubi,
403 572 441 603 ut
467 569 500 603 in
529 569 683 604 versibus
709 568 788 604 libri
821 569 934 615 quarti
960 570 1131 605 422—23
1162 577 1193 605 et
1223 581 1439 616 quocumque
1470 570 1584 605 oculos

176 629 388 672 traiecimus,
417 630 533 664 omnia
541 629 641 675 ferri
656 630 704 664 Et
719 630 831 675 fluere
848 629 1005 664 adsimili
1019 629 1118 664 nobis
1136 631 1272 664 ratione
1289 630 1462 673 videntur,
1491 628 1586 664 nulla

175 687 345 730 gravitate
371 690 485 722 tamen
515 688 564 722 rei
590 688 700 733 ipsius
727 688 842 731 imago
868 687 997 733 duplici
1024 687 1127 723 verbo
1146 687 1355 723 luculentius
1373 687 1583 734 depingitur.

175 745 261 781 Nam
291 745 389 792 quasi
415 756 529 781 coram
562 757 618 781 res
649 746 685 780 in
718 746 861 780 summis
895 745 995 780 undis
1027 745 1201 781 fluitantes
1232 756 1372 781 cernere
1403 746 1501 781 nobis
1534 747 1584 781 vi-

174 804 308 848 demur,
334 805 419 840 item
445 807 548 850 atque
575 805 610 838 in
639 816 670 838 v.
695 803 741 839 VI
771 805 863 840 1025
890 807 951 839 ae'r
976 818 999 839 a
1024 811 1118 851 ter-90
1155 807 1258 851 quasi
1283 806 1455 852 provehat
1479 813 1584 853 atque

169 864 351 911 propellat
377 866 436 899 aer
462 863 602 898 anulum
630 873 714 909 prae
740 873 777 898 se
803 862 935 909 pellens
963 862 1092 909 duplici
1120 863 1223 898 verbo
1250 863 1442 899 luculenter
1474 864 1582 900 oculis

175 922 355 958 subicitur.

272 980 386 1027 Atque
413 984 516 1028 poeta
542 984 580 1016 ut
606 981 640 1016 in
667 992 717 1016 vs.
740 980 819 1016 libri
846 980 892 1016 VI
920 978 1052 1027 215s16
1084 994 1167 1016 nam
1199 994 1275 1015 cum
1300 989 1418 1016 ventus
1451 995 1508 1017 eas
1535 984 1580 1017 le-

173 1043 261 1076 viter
287 1042 422 1077 diducit
447 1043 557 1076 euntis
584 1042 825 1088 Dissoluitque
850 1040 1037 1085 imaginem
1064 1040 1157 1075 venti
1184 1039 1292 1075 nubes
1324 1051 1391 1075 non
1423 1040 1582 1076 ferociter

173 1101 343 1147 raptantis
369 1099 430 1135 sed
456 1099 579 1136 leniter
605 1099 835 1146 dispergentis
862 1099 990 1146 duplici
1019 1099 1183 1135 vocabulo
1203 1100 1379 1134 venustius
1399 1101 1582 1146 expressit,

172 1160 221 1195 sic
247 1160 282 1194 in
310 1171 359 1195 vs.
382 1159 538 1206 199s200
563 1159 643 1194 libri
671 1159 700 1194 11
727 1160 845 1204 tigna,
877 1170 954 1194 cum
984 1170 1108 1203 magna
1134 1159 1168 1193 vi
1204 1159 1237 1193 in
1266 1169 1390 1204 aquam
1417 1159 1582 1206 depressa

173 1222 265 1264 sunt,
291 1218 415 1264 cupide
434 1218 630 1253 exsilientia
648 1218 735 1253 belle
754 1218 923 1265 depinxit,
951 1218 1111 1263 idemque
1129 1229 1200 1253 rem
1217 1218 1366 1253 dilucide
1384 1218 1582 1254 illustrandi

172 1277 323 1313 studium
351 1276 483 1313 videbis
511 1277 613 1313 etiam
635 1276 679 1312 VI
706 1277 777 1313 543
796 1278 849 1312 his
866 1279 977 1324 iyitur
994 1277 1096 1312 rebus
1113 1277 1304 1312 subiunctis
1322 1280 1581 1325 suppositisque

172 1337 220 1372 ita
252 1340 289 1371 ut
320 1336 456 1372 firmum
492 1337 561 1372 sint
593 1337 803 1382 quaestionis
843 1337 1018 1382 sequentis
1056 1336 1339 1381 fundamentum,
1372 1336 1419 1372 ΙΙΙ
1446 1336 1578 1384 636s37

173 1397 357 1443 dispertita
383 1397 513 1443 procul
545 1396 648 1431 dubio
681 1409 816 1443 quoque
846 1398 898 1431 vis
931 1398 1067 1431 animai
1096 1397 1143 1431 Et
1174 1397 1322 1431 discissa
1363 1398 1467 1431 simul
1504 1410 1580 1432 cum

172 1468 317 1502 corpore
343 1457 557 1498 dissicietur,
586 1455 716 1490 scilicet
746 1455 847 1490 celeri
878 1456 948 1489 ictu
981 1454 1094 1490 subito
1128 1455 1162 1489 in
1191 1455 1277 1490 duas
1309 1459 1425 1501 partes
1457 1456 1579 1501 divisa,

172 1518 275 1561 atque
303 1514 429 1550 addere
455 1514 572 1550 licebit
598 1514 684 1550 tales
711 1514 804 1549 locos
830 1513 877 1549 111
904 1514 973 1549 407
1005 1516 1043 1549 in
1076 1516 1148 1550 vita
1180 1522 1362 1550 cunctatur
1395 1522 1426 1550 et
1450 1515 1578 1560 haeret,

172 1574 217 1610 Vl
243 1575 314 1611 456
350 1576 432 1610 inde
463 1575 545 1609 haec
582 1572 719 1620 (nubes)
756 1575 1005 1621 comprendunt
1034 1575 1125 1609 inter
1155 1587 1190 1609 se
1222 1587 1354 1621 conque
1387 1583 1579 1622 yreqantur

172 1634 270 1678 alios,
297 1645 381 1679 quos
399 1633 455 1668 hic
473 1634 764 1679 praetermittam3
790 1633 901 1668 fateor
919 1634 1009 1668 enim
1028 1633 1142 1668 minus
1161 1645 1237 1669 mea
1255 1634 1434 1679 interesse,
1462 1635 1579 1669 omnia

172 1692 330 1739 exempla
361 1703 503 1739 prorsus
543 1692 737 1737 absolvere,
772 1691 862 1738 quod
894 1691 1031 1727 difficile
1065 1695 1117 1726 est
1148 1693 1332 1738 praecipue
1365 1693 1399 1727 in
1432 1704 1486 1737 re,
1518 1693 1577 1727 ubi

171 1763 291 1787 sensus
318 1752 527 1798 permultum
551 1752 655 1797 valet,
683 1763 787 1798 quam
805 1752 958 1787 rationes
976 1751 1167 1797 ostendere,
1194 1752 1317 1798 quibus
1337 1755 1438 1798 poeta
1456 1752 1577 1788 ductus

172 1811 255 1846 mihi
283 1811 435 1856 videtur,
463 1812 537 1846 iure
563 1811 658 1855 illas,
685 1812 824 1857 opinor,
858 1811 1109 1857 conquirendas
1142 1812 1177 1846 in
1210 1811 1366 1846 versibus
1394 1812 1478 1847 adeo
1508 1812 1578 1847 ela-

171 1870 311 1906 boratis.

269 1929 336 1964 Sed
363 1929 446 1963 haec
479 1929 548 1963 iam
581 1929 665 1963 satis
691 1928 784 1964 dicta
818 1929 889 1964 sint
915 1929 957 1964 de
986 1930 1159 1965 sententia
1186 1928 1405 1975 amplificata.
1458 1928 1577 1964 Restat

169 1988 287 2033 igitur,
316 1990 356 2023 ut
380 1997 490 2034 pauca
516 1998 602 2032 quae
629 1987 695 2021 huc
720 1987 896 2033 pertinent
922 1988 1082 2034 exempla
1108 1999 1392 2032 commemorem,
1424 1987 1481 2022 ubi
1507 1986 1576 2021 Lu-

169 2049 295 2084 cretius
322 2048 467 2084 eandem
494 2058 565 2082 rem
594 2047 690 2093 prius
717 2046 865 2093 simplici
893 2047 998 2083 verbo
1025 2048 1166 2095 proprio
1194 2051 1253 2083 aut
1278 2046 1441 2083 translato
1469 2047 1576 2092 signi-

168 2107 261 2153 ficat,
292 2108 415 2143 deinde
440 2107 591 2152 imagine
617 2106 754 2153 poetica
780 2106 1041 2151 circumscribit,
1079 2108 1128 2143 ita
1154 2112 1192 2143 ut
1218 2111 1251 2142 et
1278 2107 1515 2153 perspicuitati
1543 2111 1578 2143 et

170 2168 343 2204 venustati
371 2167 509 2204 serviat.
561 2166 735 2202 Enumero
763 2166 878 2201 statim
906 2165 983 2201 illos
1010 2166 1116 2212 locos,
1150 2178 1228 2202 nam
1256 2166 1313 2201 vix
1341 2170 1443 2211 egent
1468 2167 1577 2202 inter-

170 2228 381 2273 pretatione:
409 2227 423 2262 Ι
454 2228 521 2262 170
546 2228 627 2261 inde
653 2228 826 2261 enascitur
843 2233 945 2272 atque
964 2239 1044 2261 oras
1061 2228 1100 2261 in
1118 2228 1258 2262 luminis
1277 2228 1346 2261 exit
1363 2226 1405 2261 cf.
1426 2226 1474 2262 ΙΙΙ
1492 2228 1578 2272 679,

169 2285 181 2321 Ι
210 2283 342 2332 372s73
369 2287 485 2321 cedere
515 2305 557 2309 —
584 2286 633 2321 Et
658 2286 811 2332 liquidas
837 2286 973 2332 aperire
998 2287 1092 2329 vias,
1130 2285 1159 2319 11
1190 2286 1255 2319 195
1282 2283 1467 2331 (sanguis)
1493 2288 1576 2320 emi-

168 2352 224 2381 cat
248 2346 405 2381 exultans
431 2346 499 2381 alte
524 2346 727 2392 sparyitque
752 2357 918 2389 cruorem,
947 2343 977 2378 II
1006 2341 1163 2391 1173f74
1189 2344 1357 2379 tabescere
1375 2344 1415 2380 'et
1440 2347 1492 2380 ire
1518 2346 1579 2380 Ad

169 2406 347 2452 capulum,
380 2404 427 2440 III
452 2405 525 2440 405
557 2406 643 2439 vivit
675 2412 706 2440 et
736 2405 904 2440 aetherias
935 2404 1051 2438 vitalis
1086 2405 1231 2450 suscipit
1262 2417 1370 2439 auras
1398 2404 1454 2448 (cf.
1473 2404 1575 2450 Verg.

169 2465 253 2499 Aen.
273 2463 319 2499 III
345 2464 446 2509 339),
472 2462 518 2498 III
546 2463 615 2498 755
641 2465 850 2498 traiciuntur
875 2463 966 2497 enim
987 2469 1107 2509 partes
1134 2469 1236 2509 atque
1263 2464 1385 2498 ordine
1409 2465 1575 2511 miyrant,
