1835 2765
878 68 925 103 46

197 165 275 199 liter
310 164 463 198 conferes
498 163 625 207 Vergili
658 175 778 199 versus
810 166 844 199 in
879 165 985 200 altero
1017 164 1172 209 Georgic.
1198 164 1286 198 libro
1316 162 1414 209 10111
1450 178 1601 212 namque

195 224 287 257 aliae
316 220 486 268 (arbores)
518 223 626 257 nullis
660 224 837 258 hominum
869 224 1063 271 coqentz'bus
1089 225 1188 270 ipsae
1215 222 1347 270 Sponte
1371 235 1436 257 sua
1460 225 1601 258 veniunt

195 286 229 317 et
253 282 377 316 fortius
403 281 508 316 etiam
535 282 572 317 in
600 294 649 317 vs.
676 280 783 328 50011
812 283 897 318 dicit
923 295 1008 330 quos
1034 284 1127 317 rami
1141 283 1298 328 fructus,
1326 294 1412 328 quos
1436 284 1517 328 ipsa
1541 294 1599 317 vo-

195 342 300 376 lentia
329 353 416 376 rura
450 339 584 388 Sponte
615 342 720 377 tulere
746 355 826 387 sua,
860 344 1007 390 carpsit,
1040 341 1098 377 ubi
1124 345 1291 386 ceterum,
1330 340 1419 386 quod
1448 340 1502 375 hic
1528 351 1599 376 me-

195 411 329 435 morare
364 399 494 444 liceat,
522 401 709 436 voluntatis
744 401 949 446 significatio
981 405 1015 436 et
1047 402 1249 447 pronomine
1278 403 1353 448 ipse
1383 403 1418 435 et
1448 400 1598 435 ablativo

193 458 253 493 illo
284 466 407 506 sponte
437 472 502 494 sua
534 459 652 494 eadem
684 460 719 494 vi
751 460 803 494 bis
835 459 993 504 effertur,
1025 471 1093 505 qua
1124 460 1159 495 id
1186 459 1276 506 apud
1301 458 1496 495 Lucretium
1523 457 1598 493 fieri

193 517 350 553 videmus
382 518 486 553 etiam
520 518 554 553 in
590 528 637 552 ve.
673 517 721 552 III
750 519 840 554 1039
872 525 993 565 sponte
1017 531 1082 553 sua
1108 520 1172 554 Zeto
1199 526 1304 566 caput
1330 519 1448 554 obvius
1474 518 1600 565 optulit

192 579 287 624 ipse,
316 577 344 611 V
367 575 519 623 1144145
545 579 662 623 ipsum
689 577 821 623 Sponte
846 589 911 611 sua
937 578 1060 611 cecidit
1084 578 1145 611 sub
1174 579 1262 624 Zeyes
1288 586 1433 625 artaque
1458 579 1538 612 iura
1564 579 1599 611 et

194 637 319 672 similis
345 640 398 671 est
424 647 478 670 res
505 635 551 669 ibi
579 634 635 670 ubi
663 635 698 670 in
727 635 790 670 hac
816 635 997 670 verborum
1026 636 1276 681 compositione
1302 637 1416 672 minus
1442 635 1598 671 volunta-

194 696 239 731 tis
273 706 373 741 quam
401 694 533 741 proprii
560 694 737 729 cuiusdam
766 694 901 729 consilii
928 697 963 729 et
988 694 1163 730 facultatis
1189 695 1241 730 vis
1269 696 1395 731 eminet
1422 699 1461 730 ut
1486 696 1519 730 in
1547 706 1597 730 vs.

196 753 222 788 V
251 754 381 800 868169
412 760 448 788 at
478 755 556 800 quis
588 754 642 787 m'l
672 754 796 788 horum
826 754 950 788 tribuit
986 761 1115 788 natura
1150 767 1212 789 nee
1249 756 1330 801 ipsa
1369 754 1501 801 Sponte
1534 767 1599 789 sua

190 820 331 861 possent
366 820 406 847 ut
434 814 549 847 vivere
577 825 640 847 nec
672 835 719 839 —
751 813 834 848 item
869 811 1033 857 111092,
1066 812 1110 847 VI
1142 810 1310 859 1018119,
1344 813 1387 848 cf.
1421 813 1524 848 etiam
1552 812 1598 848 IV

196 871 325 913 129130
356 879 437 906 sunt
467 874 571 906 etiam
602 885 691 918 quae
720 879 841 917 sponte
871 885 935 906 sna
958 874 1152 918 yiymmtur
1177 879 1209 906 et
1232 874 1312 919 ipsa
1338 871 1599 907 Constituantur

191 933 229 965 in
259 931 323 965 hoc
355 930 448 965 caelo
483 933 517 965 et
549 929 597 965 III
630 931 701 965 562
734 937 772 965 ut
796 932 916 977 nequit
939 931 1048 965 ullam
1074 931 1259 978 Dispicere
1283 932 1358 978 ipse
1384 931 1501 965 oculus
1526 943 1598 966 rem

191 1003 346 1026 seorsum
372 1003 519 1037 corpore
546 997 615 1025 toto
641 1000 752 1035 neque
778 990 889 1034 video,
917 1000 978 1025 cur
1005 1001 1082 1025 cum
1111 989 1272 1034 Briegero
1299 990 1478 1026 lectionem
1505 990 1598 1026 codi-

191 1060 268 1084 cum
296 1049 333 1083 in
361 1060 410 1083 vs.
438 1048 469 1083 Il
491 1050 645 1092 1058159
672 1056 704 1083 et
728 1050 807 1095 ipsa
835 1049 967 1096 Sponte
992 1062 1056 1083 sua
1083 1053 1167 1094 etqs.
1196 1049 1441 1094 relinquamus.
1465 1048 1596 1083 —Iam

192 1108 236 1143 ad
267 1107 466 1143 inchoatum
501 1106 736 1152 exemplorum
764 1107 918 1143 ordinem
946 1107 1063 1151 redeo,
1099 1108 1133 1141 in
1160 1118 1226 1151 quo
1253 1107 1366 1142 allatis
1393 1107 1477 1142 haec
1502 1118 1598 1143 acce-

192 1167 294 1202 dunt:
336 1166 383 1201 III
415 1167 548 1211 333134
585 1179 646 1201 nec
678 1166 747 1201 sibi
778 1179 932 1213 quaeque
963 1168 1036 1201 sine
1078 1167 1221 1201 alterius
1254 1168 1291 1201 vi
1325 1179 1425 1213 posse
1461 1169 1598 1203 videtur

193 1227 360 1273 Corporis
386 1233 488 1272 atque
514 1227 626 1260 animi
649 1238 802 1259 seorsum
828 1227 952 1260 sentire
976 1232 1139 1271 potestas,
1169 1225 1215 1259 Ill
1242 1224 1375 1271 552153
1393 1228 1443 1261 sic
1460 1229 1597 1262 animus

190 1298 256 1332 per
281 1298 316 1320 se
345 1297 416 1320 non
447 1286 523 1331 quit
558 1286 631 1319 sine
661 1297 805 1332 corpore
840 1291 871 1319 et
900 1286 978 1331 ipso
1017 1284 1104 1319 Esse
1129 1284 1265 1319 homine
1291 1287 1325 1319 et
1350 1295 1410 1319 sex
1441 1285 1596 1321 versibus

193 1348 272 1391 post
296 1358 357 1380 nec
382 1347 456 1380 sine
482 1357 627 1391 corpore
653 1346 743 1379 enim
767 1344 884 1379 vitalis
911 1345 1008 1379 edere
1033 1351 1144 1379 motus
1172 1344 1260 1380 Sola
1280 1351 1392 1391 potest
1409 1347 1521 1380 animi
1533 1358 1598 1392 per

194 1417 228 1439 se
259 1411 404 1447 natura,
438 1414 583 1448 quocum
616 1402 770 1437 conferas
803 1403 838 1437 in
864 1414 914 1437 vs.
950 1400 1078 1448 786187
1115 1403 1218 1438 verba
1248 1405 1298 1438 sic
1328 1406 1439 1439 animi
1468 1411 1597 1439 natura

192 1465 314 1510 nequit
343 1464 416 1497 sine
447 1475 591 1509 corpore
624 1463 713 1497 oriri
742 1462 828 1497 Sola
860 1460 903 1504 (V
926 1459 1072 1508 132133)
1103 1465 1137 1497 et
1168 1462 1217 1497 sic
1249 1462 1326 1497 aliis
1353 1473 1487 1508 quoque
1512 1462 1596 1498 locis

193 1521 399 1556 affirmantis
431 1520 576 1556 membri
609 1520 704 1555 locus
736 1520 916 1555 adiectivis
943 1520 1139 1555 obtinetur:
1172 1519 1200 1554 V
1221 1520 1291 1555 838
1318 1528 1413 1555 muta
1438 1523 1511 1556 sine
1538 1534 1596 1556 ore

191 1582 304 1625 etiam,
333 1582 407 1614 sine
431 1580 524 1614 voltu
551 1592 651 1614 caeca
677 1586 825 1626 reperta,
855 1578 884 1613 V
908 1579 1000 1613 1424
1015 1578 1140 1625 friyus
1166 1580 1257 1613 enim
1274 1580 1386 1614 nudos
1403 1581 1477 1615 sine
1488 1580 1595 1627 pelli-

191 1640 253 1674 bus
279 1639 509 1674 excruciabat.
551 1638 686 1673 Similia
712 1638 937 1672 inveniuntur
964 1637 1067 1671 etiam
1087 1637 1178 1682 apud
1198 1636 1282 1672 alios
1302 1641 1420 1683 poetas
1438 1637 1592 1674 Latinos.

190 1697 284 1734 ldem
311 1697 503 1742 Vergilius,
538 1708 581 1732 ex
612 1707 679 1742 quo
706 1696 773 1731 duo
800 1697 869 1731 iam
897 1695 1057 1742 exempla
1083 1695 1196 1740 attuli,
1223 1696 1306 1732 dicit
1332 1697 1365 1731 in
1392 1697 1479 1732 Aen.
1506 1696 1593 1733 libro

190 1757 256 1802 IV,
289 1768 321 1792 v.
347 1758 417 1792 588
444 1770 571 1792 vacuos
597 1758 703 1792 sensit
727 1758 801 1791 sine
826 1757 954 1802 remiye
974 1763 1119 1802 portus,
1146 1755 1181 1790 in
1208 1754 1330 1800 Georg.
1358 1756 1445 1792 libro
1473 1756 1532 1802 IV,
1560 1768 1591 1792 v.

190 1817 261 1851 548
293 1820 328 1851 et
358 1816 496 1861 saepius
522 1816 618 1850 haud
642 1828 743 1850 mora
767 1816 929 1849 continuo
957 1814 1091 1857 (matris
1115 1822 1301 1861 praecepta
1316 1816 1479 1861 facessit)
1506 1827 1593 1861 quae

189 1875 295 1910 verba
320 1874 415 1909 nulla
441 1874 718 1919 interpunctione
744 1873 938 1919 separanda
963 1878 1055 1917 sunt,
1082 1873 1224 1908 Ovidius
1251 1874 1286 1908 in
1311 1873 1392 1909 Met.
1410 1873 1508 1919 XIII,
1541 1886 1591 1910 vs.

189 1931 321 1979 690191
354 1935 428 1968 sine
451 1933 646 1977 frondibus
674 1933 780 1967 arbor
804 1933 912 1967 Nuda
937 1934 1025 1977 νέφει
1050 1936 1084 1967 et
1109 1934 1209 1978 plura
1231 1932 1391 1977 exempla
1414 1944 1456 1967 ex
1481 1934 1592 1979 poetis

188 1995 224 2028 et
249 1991 477 2039 scriptoribus
504 1994 538 2026 et
563 1989 700 2026 Latinis
727 1993 761 2026 et
787 1989 928 2026 Graecis
955 1990 1015 2026 dat
1042 1990 1215 2026 Vahlenus
1241 1991 1295 2026 vir
1318 1991 1532 2027 clarissimus
1555 1991 1591 2026 in

188 2052 405 2098 praefatione
432 2050 475 2086 ad
503 2050 654 2086 Senecae
679 2050 843 2094 Dialogos
869 2051 904 2085 in
932 2050 1081 2085 editione
1108 2050 1286 2086 Kochiana
1311 2062 1344 2096 p.
1372 2050 1421 2086 IX
1446 2062 1519 2096 sqq.
1545 2070 1589 2075 —

189 2109 291 2145 Latet
315 2110 351 2145 in
378 2110 442 2145 hac
468 2109 628 2155 asyndeti
654 2109 786 2144 ratione
812 2109 976 2144 contrarii
1003 2109 1180 2144 cuiusdam
1208 2109 1261 2144 vis
1288 2112 1392 2155 atque
1410 2108 1589 2144 consilium

191 2172 225 2205 et
250 2169 472 2216 exprimitur,
499 2171 539 2204 ut
564 2167 732 2215 exemplis
760 2169 822 2204 hoc
847 2168 1007 2213 doceam,
1034 2179 1074 2204 ea
1100 2179 1188 2214 quae
1213 2168 1248 2203 in
1274 2167 1389 2204 verbis
1415 2178 1532 2203 versus
1558 2167 1591 2203 H

194 2229 262 2263 193
287 2229 377 2264 inest
401 2228 587 2273 sententia,
613 2228 643 2262 si
670 2227 733 2263 hoc
759 2228 859 2263 modo
886 2227 1062 2274 expletur:
1089 2240 1159 2263 non
1179 2228 1379 2274 putandum
1403 2234 1467 2271 est,
1493 2229 1591 2274 iqnes

189 2288 230 2322 id
253 2299 323 2322 non
346 2290 384 2323 vi
407 2300 587 2335 expressos
613 2288 674 2322 sed
697 2300 761 2322 sua
785 2294 906 2335 sponte
922 2287 1059 2333 facere,
1087 2289 1147 2321 aut
1171 2286 1206 2320 in
1232 2297 1283 2321 vs.
1310 2285 1358 2320 ΠΙ
1386 2283 1533 2333 786187,
1560 2286 1589 2321 si

189 2346 239 2381 ita
264 2349 433 2381 mutatur:
461 2348 572 2382 animi
595 2353 723 2382 natura
748 2359 818 2382 non
844 2348 1027 2382 coniuncta
1053 2358 1129 2379 cum
1153 2358 1296 2392 corpore
1320 2346 1380 2380 sed
1403 2345 1479 2380 sola
1502 2347 1592 2381 om‘ri

188 2406 327 2452 nequit,
360 2408 395 2440 et
418 2405 454 2440 in
481 2417 511 2440 v.
539 2405 569 2440 V
591 2406 684 2441 1424
710 2405 771 2440 tali
798 2408 899 2452 pacto
924 2404 1134 2450 composita:
1163 2404 1289 2451 frique
1314 2406 1504 2451 terriqenas
1529 2418 1587 2440 ea:-

188 2464 380 2509 cruciabat,
407 2477 484 2499 cum
507 2478 550 2500 ne
569 2466 720 2512 pellibus
747 2467 888 2512 quidem
910 2465 1029 2500 induti
1051 2465 1111 2500 sed
1135 2465 1224 2499 nudi
1247 2471 1371 2508 essent,
1398 2463 1588 2511 similisque
