1835 2765
864 56 911 91 63

186 153 418 190 membrorum
444 153 582 189 illorum
601 153 872 198 magnitudinem
902 153 1041 198 gravius
1068 151 1181 188 efferri
1208 163 1226 187 e
1252 154 1324 187 toto
1347 162 1480 187 conexu
1505 160 1587 197 pro-

186 211 298 248 babile
324 213 469 249 videtur.
508 212 594 249 Item
621 213 657 248 in
681 225 711 249 v.
730 212 777 248 IV
796 214 867 249 840
893 219 930 248 at
955 219 1074 248 contra
1100 212 1258 255 conferre
1274 225 1381 247 manu
1398 211 1588 247 certamina

182 286 324 320 puynae
349 273 518 309 ablativus
543 287 650 309 manu
675 273 896 320 respondebit
921 275 1037 308 nostro
1069 272 1134 307 mit
1159 269 1379 307 bewaffneter
1404 270 1505 306 Hand
1533 269 1587 305 vel

186 332 250 367 mit
275 332 341 368 den
366 331 498 369 Waffen
525 332 561 368 in
588 332 649 368 der
674 332 775 369 Hand
809 335 848 368 ut
881 332 917 367 in
947 330 1052 367 simili
1079 341 1182 366 versu
1208 329 1405 374 Vergiliano
1432 341 1451 366 a
1476 329 1587 365 Lach-

186 402 312 427 manno
341 395 421 439 apte
447 392 552 428 allato
580 391 680 435 (Aen.
700 392 763 428 VII
782 393 866 434 604)
893 393 964 426 eive
984 390 1080 427 Getis
1103 391 1235 436 inferre
1252 402 1358 424 manu
1376 390 1588 425 lacrimabile

187 450 311 486 bellum
342 455 376 486 et
407 451 536 498 poteris
567 451 669 486 etiam
704 462 906 498 comparare
939 450 1025 485 Aen.
1052 449 1117 485 XII
1148 450 1212 494 23,
1249 449 1332 484 627.
1384 448 1472 483 Aliis
1503 448 1586 483 locis

186 522 292 545 manu
318 510 530 556 significatur
556 513 709 545 nostrum
742 509 807 545 mit
838 510 976 554 eigener
1009 508 1110 544 Hand
1136 511 1175 543 ut
1204 508 1239 543 in
1272 508 1359 542 Aen.
1385 506 1431 541 VI
1452 507 1523 542 435
1554 510 1588 542 et

186 571 268 604 nota
293 571 373 605 sunt
399 582 505 616 opera
530 583 636 605 manu
651 570 756 616 faeta
781 571 925 605 naturae
943 568 1112 615 opposita.
1153 567 1224 602 Illis
1251 570 1368 602 tamen
1386 576 1471 612 quos
1489 565 1587 600 initio

186 627 397 673 protuleram
423 627 507 663 locis
534 628 628 663 nulla
653 631 728 664 erat
744 639 855 674 neque
873 627 1114 663 alliterationis
1131 637 1243 671 neque
1261 628 1382 661 auctae
1401 623 1589 659 sententiae

188 685 376 732 excusatio,
404 686 525 732 quibus
551 686 634 722 locis
661 686 809 731 adiungo
834 698 883 722 vs.
902 685 949 722 IV
963 682 1094 732 616s17
1117 686 1261 733 plenam
1278 685 1463 732 eponqiam
1481 685 1591 730 aquai

189 745 233 780 Si
263 747 339 792 quie
357 746 456 792 forte
487 760 594 795 manu
618 759 777 794 premere
807 759 848 781 ac
880 748 1009 781 siccare
1034 747 1161 792 coepit,
1196 745 1253 780 ubi
1287 743 1458 780 sententia
1488 742 1589 777 facile

187 817 294 840 manu
318 804 378 841 illa
403 805 546 850 carebit,
572 807 607 841 et
632 805 783 852 pertinet
808 804 875 839 huc
899 804 1001 839 etiam
1029 803 1164 850 phrasis
1188 803 1263 839 illa:
1290 816 1343 838 me
1359 805 1472 839 animi
1483 802 1590 850 fallit

187 863 202 898 Ι
228 864 310 909 136,
342 865 431 909 922,
462 864 493 899 V
518 865 581 909 97,
613 864 671 899 ubi
701 863 812 910 partis
842 862 1040 898 definitione
1073 874 1158 908 opus
1188 873 1257 897 non
1289 866 1373 898 erat.
1426 863 1587 898 Ceterum

188 922 315 958 similia
341 923 445 959 etiam
471 923 563 970 apud
581 921 731 958 Graecos
758 924 877 969 poetas
904 932 1006 968 saepe
1023 921 1257 966 inveniuntur,
1283 932 1325 956 ex
1352 921 1475 967 quibus
1501 932 1588 956 non·

188 982 284 1019 nulla
310 982 469 1030 exempla
498 982 636 1028 collegit
661 982 853 1018 Lobeckius
879 982 914 1017 in
942 981 1038 1017 Aiac.
1068 981 1314 1016 commentario
1341 992 1372 1015 v.
1391 982 1473 1016 310.

287 1042 375 1078 Sunt
400 1044 514 1077 autem
542 1042 644 1077 etiam
672 1041 755 1077 talia
781 1040 902 1086 verba,
934 1051 1022 1087 quae
1048 1051 1111 1086 per
1136 1039 1397 1075 translationem
1425 1050 1586 1075 sensuum

187 1111 331 1137 munera
356 1100 562 1146 significant,
589 1112 653 1136 usu
679 1103 795 1136 tamen
822 1110 924 1147 saepe
949 1099 999 1134 ita
1025 1099 1093 1134 iam
1122 1097 1273 1143 vulgata,
1301 1101 1338 1133 ut
1364 1109 1426 1145 per
1451 1110 1488 1134 se
1511 1098 1588 1145 ipsa

188 1159 230 1195 ad
263 1171 383 1196 sensus
414 1160 623 1204 referantur,
654 1159 748 1195 velut
777 1169 854 1195 cum
886 1171 1022 1194 cernere
1054 1158 1191 1193 videndi
1222 1157 1363 1192 notione
1390 1160 1587 1203 usurpatur.

189 1217 318 1262 Quibus
344 1218 434 1266 quod
460 1230 480 1254 a
506 1218 730 1265 scriptoribus
757 1220 791 1253 et
816 1229 836 1252 a
862 1217 972 1264 poetis
991 1227 1247 1263 nonnumquam
1268 1227 1430 1251 sensuum
1450 1216 1589 1252 nomina

189 1280 347 1326 apposita
377 1278 551 1324 videmus,
582 1277 622 1314 fit
651 1278 733 1313 item
766 1277 1004 1324 pleonasmus,
1037 1277 1134 1312 cuius
1160 1280 1276 1312 tamen
1303 1276 1392 1311 ratio
1419 1276 1590 1323 quomodo

190 1350 210 1373 a
236 1337 407 1384 prioribus
433 1337 569 1373 differat
593 1337 693 1373 facile
719 1337 937 1383 perspicitur.
979 1337 1098 1372 Oculis
1124 1349 1259 1371 cernere
1285 1338 1399 1371 autem
1427 1347 1490 1382 pro
1518 1336 1590 1371 solo

189 1397 349 1433 cernendi
368 1397 471 1432 verbo
490 1399 524 1432 et
541 1395 720 1432 Lucretius
739 1396 827 1431 dixit
843 1395 858 1430 I
876 1396 960 1441 268,
977 1394 1009 1430 ΙΙ
1028 1396 1096 1431 837
1116 1398 1151 1431 et
1168 1394 1287 1430 Cicero
1306 1394 1407 1430 Tusc.
1426 1394 1452 1430 Ι.
1468 1396 1527 1440 20,
1541 1396 1588 1431 46

190 1470 252 1492 noe
278 1459 368 1492 enim
392 1469 434 1491 ne
457 1469 549 1491 nuno
575 1457 712 1503 quidem
735 1456 843 1491 oeulis
861 1456 1031 1490 cernimus
1049 1468 1101 1499 ea,
1129 1467 1218 1501 quae
1234 1455 1400 1499 videmus,
1429 1454 1589 1500 idemque

190 1515 370 1551 Lucretius
396 1515 540 1550 auribus
565 1516 721 1561 accipere
747 1514 927 1560 usurpavit
949 1513 984 1548 in
1002 1524 1051 1548 vs.
1072 1512 1118 1547 IV
1137 1513 1220 1557 979,
1249 1512 1294 1547 VI
1317 1513 1395 1547 164.
1417 1531 1464 1535 —
1484 1512 1588 1547 Simi-

190 1573 234 1610 lis
261 1573 384 1610 deinde
410 1573 498 1609 ratio
525 1576 577 1609 est
601 1573 637 1608 in
659 1572 770 1608 verbis
789 1571 934 1607 dicendi.
973 1570 1172 1606 Lucretium
1186 1572 1344 1619 pandere
1361 1572 1462 1607 dietis
1481 1570 1511 1606 V
1528 1571 1587 1616 54,

192 1635 386 1681 expandere
416 1634 517 1668 dietis
547 1632 562 1667 Ι
592 1633 681 1678 126,
721 1644 888 1679 exponere
918 1631 1030 1666 verbis
1061 1630 1075 1665 l
1105 1631 1175 1666 833
1215 1630 1260 1665 ΙΙΙ
1288 1631 1376 1675 949,
1413 1637 1589 1677 pertexere

192 1694 292 1728 dictis
324 1691 447 1737 1418,
473 1694 605 1728 iactare
635 1692 772 1738 aliquid
802 1692 904 1726 dictis
929 1690 974 1725 IV
1000 1690 1072 1725 590
1097 1687 1155 1735 (cf.
1183 1690 1268 1724 Aen.
1296 1688 1345 1724 IX
1371 1688 1477 1735 621),
1510 1692 1587 1725 vin—

192 1764 265 1788 cere
289 1751 402 1787 verbie
428 1750 459 1786 V
478 1751 548 1786 733
574 1748 632 1797 (cf.
660 1750 762 1795 Verg.
790 1748 913 1795 Georg.
933 1748 979 1784 ΙΙΙ
998 1746 1099 1794 289),
1126 1750 1296 1784 rationem
1319 1749 1462 1784 reddere
1487 1750 1588 1784 dictis

192 1811 239 1846 ΙΙΙ
268 1812 336 1846 178
372 1809 419 1845 IV
448 1811 516 1846 173
542 1810 654 1845 verbis
681 1809 709 1843 V
739 1810 831 1845 1166
865 1809 1036 1855 copiosius
1068 1819 1169 1853 quam
1203 1808 1374 1843 sententia
1399 1808 1589 1853 postularet

193 1869 320 1904 dixisse
346 1868 460 1903 minus
487 1867 689 1903 mirabimur
714 1887 760 1892 —
788 1869 827 1901 ut
853 1877 923 1901 non
948 1866 1125 1901 videamus
1152 1865 1309 1900 omnibus
1335 1865 1388 1900 his
1410 1866 1494 1901 locis
1512 1877 1589 1901 ora-

192 1928 297 1964 tionis
322 1927 457 1973 copiam
484 1926 705 1961 alliterationi
731 1928 790 1961 aut
815 1936 958 1960 numero
978 1924 1147 1971 explendo
1166 1924 1295 1960 servire
1312 1946 1360 1952 --
1379 1936 1478 1970 quam
1499 1925 1588 1971 quod

194 1998 269 2022 eum
302 1997 345 2020 ne
375 1985 458 2021 talia
489 1985 644 2030 quidem:
678 1986 778 2019 dictis
810 1996 911 2019 orare
941 1983 988 2018 IV
1006 1985 1094 2028 834,
1127 1985 1229 2018 doceo
1257 1985 1356 2018 dictio
1383 1982 1413 2017 V
1438 1984 1484 2018 56
1510 1982 1589 2029 (hoc

194 2045 331 2092 quidem
363 2043 601 2080 alliterationis
632 2054 735 2078 causa
766 2042 839 2078 sine
865 2041 967 2077 dubio
994 2039 1161 2089 positum)
1187 2042 1314 2077 vitasse
1339 2042 1588 2088 cognoscimus,

194 2108 228 2141 et
260 2116 336 2141 cum
367 2104 420 2139 his
452 2106 531 2149 apte
565 2113 808 2149 componemus
840 2101 931 2148 apud
961 2101 1113 2136 Ennium
1146 2103 1225 2136 exin
1255 2102 1459 2148 compellare
1488 2109 1590 2149 pater

193 2177 246 2200 me
270 2177 349 2200 voce
374 2164 509 2199 videtur
533 2163 586 2198 hie
611 2161 722 2197 verbis
749 2160 889 2206 (Annal.
908 2172 939 2195 v.
959 2160 1005 2195 45
1021 2160 1062 2195 cf.
1083 2159 1184 2205 Verg.
1204 2160 1288 2195 Aen.
1310 2159 1339 2194 V
1360 2158 1458 2206 161),
1484 2174 1591 2208 quam

194 2224 259 2259 tibi
282 2236 324 2258 ex
349 2235 406 2258 ore
432 2223 621 2257 orationem
645 2222 778 2255 duriter
803 2221 903 2255 dictis
929 2220 1023 2254 dedit
1046 2217 1161 2264 (Trag.
1181 2218 1254 2253 rell.
1273 2230 1304 2253 v.
1324 2218 1409 2262 348)
1438 2221 1473 2253 et
1498 2220 1591 2266 apud

195 2281 383 2328 Vergilium
412 2281 524 2326 fando
559 2279 605 2325 (h.
633 2291 661 2316 e.
688 2279 816 2324 verbis,
849 2274 1018 2324 oratione)
1049 2278 1223 2326 emplicare
1254 2275 1356 2324 (Aen.
1383 2276 1415 2313 II
1441 2275 1592 2326 361l62)

196 2355 395 2378 enumerare
421 2341 480 2384 (IV
506 2337 663 2387 333l34).
690 2358 734 2364 -
763 2339 851 2375 Sunt
875 2342 989 2374 tamen
1016 2337 1083 2372 alia
1109 2348 1242 2383 quoque
1268 2348 1336 2372 non
1354 2337 1469 2373 minus
1492 2350 1592 2385 prae-

184 2403 250 2436 ter
279 2400 470 2436 sententiae
494 2398 733 2435 necessitatem
761 2397 876 2433 addita
901 2395 995 2432 velut
1011 2395 1042 2430 II
1059 2396 1130 2431 673
1149 2408 1383 2443 quaecumque
1400 2398 1591 2444 iyniflam-

195 2465 292 2495 mata
317 2466 513 2495 cremantur
538 2461 572 2494 et
596 2457 626 2493 V
646 2458 736 2494 1241
764 2458 856 2505 ignis
880 2456 941 2492 ubi
963 2457 1115 2503 inqentee
1131 2456 1237 2491 silvae
1256 2456 1384 2492 ardore
1409 2464 1591 2501 cremarat,
