1835 2765
902 48 949 83 34

219 146 338 190 itaque
363 145 411 178 ad
435 157 604 179 summam
625 145 766 190 faecem
792 146 979 192 turbasque
1002 146 1139 181 redibat
1164 148 1198 180 et
1223 144 1252 179 V
1282 146 1374 181 1186
1400 149 1437 180 in
1464 148 1624 194 caeloque

220 204 323 236 deum
347 204 442 237 sedes
468 209 499 237 et
524 204 654 250 templa
681 205 858 247 locarunt,·
897 216 975 239 nam
1009 206 1137 251 templa
1168 207 1249 238 sunt
1280 214 1376 238 sacra
1403 204 1477 238 loca
1503 215 1523 238 a
1549 205 1622 240 deis

219 259 329 304 culta3
356 260 481 297 deinde
506 261 543 297 in
569 273 671 298 versu
696 262 776 298 libri
810 264 899 299 sexti
933 260 1063 310 217l18
1094 265 1168 299 sine
1199 269 1306 298 taetro
1338 262 1485 298 Terrore
1511 270 1542 299 et
1566 276 1621 299 so-

217 321 293 355 nitu
319 317 368 365 (h.
389 331 417 356 e.
446 323 520 357 sine
545 322 696 357 terribili
724 320 854 368 sonitu)
886 324 1049 370 nulloque
1079 323 1227 358 tumultu
1258 325 1292 357 et
1329 322 1440 357 tribus
1468 322 1621 358 versibus

215 381 295 425 post
321 380 503 416 declarant
526 383 614 417 ictus
640 389 672 417 et
695 384 812 417 inusta
836 384 979 430 vaporis
1007 382 1120 430 Siqua
1150 389 1317 429 notaeque
1349 381 1412 416 hoc
1443 384 1495 417 est
1520 384 1622 430 siqna

214 446 385 486 notaeque
409 443 553 488 vaporis
568 441 738 487 fulminis
763 444 834 477 ictu
858 444 985 477 inusta.
1038 441 1136 478 Hanc
1168 442 1258 478 enim
1294 452 1409 477 veram
1437 440 1619 478 lectionem

216 508 292 533 esse
318 502 450 534 certum
480 499 562 534 mihi
590 499 740 544 videtur,
779 503 913 534 tantum
945 500 1056 545 quod,
1095 511 1172 535 cum
1211 501 1310 545 signa
1347 504 1515 546 notaeque
1546 504 1620 536 arte

217 557 308 593 inter
335 569 371 593 se
398 558 580 593 coniuncta
605 557 801 603 videantur,
828 558 869 593 cf.
899 558 969 593 Cic.
997 558 1039 594 de
1066 570 1114 593 or.
1144 558 1183 593 11.
1211 560 1271 604 41,
1301 560 1369 594 174
1400 561 1432 595 si
1464 561 1565 607 siyna
1590 567 1621 595 et

221 625 322 652 notas
349 618 558 652 ostenderem
585 618 750 661 locorum,
788 617 926 652 mallem
956 622 1058 663 poeta
1085 622 1123 652 ut
1149 622 1250 653 antea
1274 621 1391 653 inusta
1423 619 1472 654 sic
1497 619 1620 654 deinde

216 675 414 721 scripsisset
451 677 572 722 yravz's
604 676 763 710 halantia
795 677 951 724 sulpuris
981 689 1097 711 auras.
1127 696 1172 701 —-
1198 675 1381 712 Praeterea
1419 688 1460 712 ex
1499 677 1617 713 eodem

214 734 302 770 libro
336 737 434 769 sexto
468 733 573 770 affero
612 746 664 770 VS.
693 736 764 771 578
790 743 910 771 ventus
938 756 981 760 -—
1010 744 1112 783 atque
1149 738 1286 771 animae
1311 757 1357 761 —
1382 739 1435 771 vis
1465 739 1619 772 maxima

215 795 397 839 quaedam,
424 797 463 827 ut
488 793 591 839 paulo
620 797 699 839 post
724 796 759 829 111
787 806 836 829 vs.
863 793 996 841 591192
1023 795 1112 830 dixit
1136 797 1284 842 impetus
1310 798 1384 842 ipse
1410 798 1546 830 animai
1571 796 1619 830 Et

202 852 291 898 fera
315 854 368 887 vis
392 854 503 897 venti,
538 853 607 888 817
635 855 674 889 in
700 861 859 901 apertum
879 862 1115 902 promptaque
1141 856 1246 899 caeli,
1290 851 1420 901 110213
1442 856 1570 903 procul
1595 869 1617 890 a

209 914 332 958 patria
364 914 572 958 quicumque
606 914 776 959 domoque
808 915 1028 957 Adueniant,
1070 915 1161 949 1109
1201 921 1365 960 quattuor
1401 928 1423 948 a
1452 917 1561 949 ventis
1587 922 1618 949 et

211 971 300 1005 caeli
320 970 486 1017 partibus
512 983 582 1006 esse
608 969 666 1016 (cf.
694 971 874 1007 Munronis
901 970 1052 1017 notam),
1096 972 1186 1008 1096
1225 979 1328 1019 atque
1357 985 1397 1006 ea
1427 974 1479 1007 vis
1506 975 1616 1007 omnis

209 1029 411 1064 morborum
431 1031 686 1077 pestilitasque,
714 1031 769 1066 cui
796 1031 909 1066 simile
935 1035 987 1066 est
1012 1031 1047 1066 in
1076 1042 1106 1066 v.
1131 1031 1221 1066 1123
1249 1031 1332 1066 illud
1360 1032 1442 1066 liaeo
1469 1051 1514 1056 —
1542 1033 1613 1066 cla-

212 1090 271 1123 des
309 1102 401 1123 nova
434 1090 695 1135 pestilitasque;
741 1089 972 1124 Wakefieldus
1010 1090 1053 1124 ad
1097 1090 1185 1123 hunc
1223 1089 1333 1124 locum
1374 1089 1474 1124 affert
1509 1089 1615 1125 verba

212 1146 425 1194 Thucydidis
452 1148 486 1183 in
514 1147 601 1184 libro
629 1147 671 1193 ΙΙ,
703 1159 778 1195 cap.
798 1150 843 1184 47
884 1147 926 1185 οὗ
962 1151 1081 1194 μέντοι
1118 1147 1279 1190 τοσοῦτός
1310 1163 1349 1193 γε
1380 1146 1501 1195 λοιμὸς
1532 1146 1614 1185 οὐδὲ

212 1206 339 1253 φθορὰ
367 1208 476 1247 οὕτως
503 1206 711 1252 ἀνθρώπων
743 1207 901 1253 οὗδαμοῦ
931 1207 1182 1253 ἐμνημονεύετο
1213 1211 1382 1250 γενέσθαι
1414 1211 1448 1242 et
1474 1219 1491 1242 e
1518 1208 1614 1243 Cice-

211 1265 306 1300 ronis
333 1265 421 1301 libro
448 1265 490 1300 de
516 1265 727 1301 divinatione
753 1264 793 1311 (Ι.
817 1267 872 1311 12,
890 1263 952 1311 20)
991 1266 1095 1301 verba
1131 1268 1242 1301 vitare
1279 1267 1450 1313 inqentem
1483 1267 1614 1302 cladem

206 1332 406 1372 pestemque
431 1325 616 1361 monebant
651 1328 752 1371 atque
790 1325 855 1361 huc
892 1325 1068 1371 pertinent
1106 1325 1208 1361 etiam
1242 1325 1346 1361 verba
1373 1336 1490 1361 versus
1520 1326 1613 1362 1136

210 1384 290 1419 libri
319 1383 363 1418 VI
388 1385 472 1419 haec
496 1387 588 1420 ratio
616 1386 793 1431 quondam
817 1385 1016 1420 morborum
1042 1392 1073 1420 et
1097 1385 1258 1431 mortifer
1282 1392 1395 1420 aestus
1421 1384 1462 1419 de
1490 1384 1613 1430 quibus

211 1442 279 1479 alio
305 1443 379 1479 loco
406 1443 577 1489 copiosius
609 1443 790 1479 dicendum
824 1444 900 1479 erit.
928 1465 974 1470 —
1001 1443 1113 1489 Magis
1150 1443 1203 1479 his
1234 1443 1318 1479 locis
1349 1443 1611 1480 admirationem

210 1503 357 1538 fortasse
386 1503 534 1538 movebit
561 1514 679 1538 versus
706 1502 750 1538 Vl
781 1505 872 1538 1274
897 1517 959 1538 nec
984 1506 1057 1538 iam
1080 1504 1204 1550 reliqio
1236 1505 1352 1538 divom
1382 1516 1443 1538 nec
1467 1506 1614 1538 numina

209 1563 332 1608 maqni
351 1562 596 1609 pendebantur
621 1564 722 1607 enim,
751 1562 779 1596 si
798 1562 1015 1608 comparabis
1033 1561 1241 1607 Thucydidis
1260 1561 1365 1597 verba
1383 1562 1417 1596 in
1440 1562 1552 1608 capite
1565 1563 1612 1598 52

208 1620 288 1655 libri
317 1620 347 1655 11
376 1621 496 1656 horum
525 1621 701 1667 exemplar
740 1624 898 1667 apertum
939 1620 1235 1666 ὑπερβιαζομένου
1264 1620 1333 1666 γὰρ
1359 1622 1419 1656 τοῦ
1445 1624 1554 1657 κακοῦ
1578 1622 1612 1657 οἳ

208 1679 412 1724 ἄνθρωποι,
451 1677 513 1715 οὒκ
545 1680 680 1723 ἔχοντες
719 1680 769 1715 ὅτι
806 1682 994 1723 γένωνται,
1034 1680 1069 1720 ἐς
1107 1678 1294 1723 ὀλιγωρίαν
1331 1679 1522 1724 ἐτράποντο
1553 1682 1611 1715 καὶ

208 1737 312 1782 ἱερῶν
338 1740 397 1772 καὶ
423 1736 529 1773 ὁσίων
555 1737 703 1784 ὄμοίωςε
737 1737 816 1783 ἱερὰ
841 1740 900 1773 καὶ
927 1738 1006 1773 ὅσια
1032 1738 1121 1773 enim
1149 1737 1239 1773 idem
1271 1738 1342 1773 fere
1368 1738 1483 1774 valent
1509 1741 1610 1784 atque

208 1798 308 1832 θεῶν
335 1796 447 1843 φόβος
473 1799 491 1843 ἢ
520 1795 729 1843 ἀνθρώπων
756 1796 862 1844 νόμος
892 1797 981 1843 quod
1013 1800 1065 1832 est
1094 1798 1129 1832 in
1156 1808 1232 1844 cap.
1251 1799 1297 1833 53
1323 1795 1381 1843 (cf.
1409 1797 1609 1833 Schneideri

209 1859 327 1891 notam
356 1856 399 1891 ad
425 1856 566 1892 Isocrat.
594 1857 768 1903 Areopag.
797 1868 829 1903 p.
862 1858 928 1892 153
949 1855 995 1902 b),
1028 1856 1087 1892 sed
1114 1857 1148 1892 in
1177 1857 1289 1893 verbis
1315 1856 1531 1892 Lucretianis
1559 1860 1611 1892 est

209 1918 332 1962 aperta
350 1915 539 1960 tautologia
558 1919 592 1951 et
609 1915 738 1962 duplex
756 1916 897 1951 deorum
917 1916 1151 1961 neglegentiae
1169 1915 1384 1961 significatio.
1411 1934 1456 1939 --
1474 1915 1611 1951 Postre-

208 1985 265 2009 mo
292 1973 488 2010 afferendus
514 1978 567 2010 est
593 1986 636 2010 ex
661 1974 748 2010 libro
768 1975 812 2010 VI
839 1975 974 2021 quidem
999 1987 1118 2011 versus
1148 1976 1252 2019 1250,
1279 1975 1374 2020 item,
1401 1978 1440 2010 ut
1463 1974 1611 2019 videtur,

209 2034 288 2069 miri
314 2033 507 2079 pleonasmi
533 2034 741 2079 exemplum.
780 2034 866 2069 Nam
893 2034 982 2080 quod
1009 2037 1110 2080 poeta
1135 2034 1199 2069 hoc
1225 2034 1298 2069 loco
1324 2033 1408 2069 dicit
1427 2040 1611 2080 praeterea

207 2093 281 2127 iam
305 2099 429 2140 pastor
454 2099 486 2127 et
510 2094 742 2127 armentarius
768 2094 894 2138 omnis,
933 2092 1017 2128 haec
1048 2092 1131 2128 satis
1159 2091 1293 2127 abunde
1319 2091 1412 2126 dicta
1437 2091 1610 2137 videntur,

209 2163 284 2187 cum
312 2152 464 2198 pastoris
490 2163 633 2187 munere
659 2153 762 2188 etiam
781 2152 918 2189 bubulci
937 2152 1086 2188 officium
1108 2152 1333 2187 contineatur.
1375 2150 1442 2186 Sed
1467 2150 1608 2186 dubium

209 2220 283 2245 esse
308 2222 377 2246 non
405 2214 531 2258 potest,
558 2211 639 2257 quin
660 2219 786 2259 pastor
819 2213 1028 2247 armentario
1062 2211 1241 2257 oppositus
1274 2211 1382 2257 opilio
1407 2209 1609 2255 intellegen-

211 2268 274 2304 dus
301 2270 346 2305 sit
370 2273 409 2306 ut
435 2270 527 2317 apud
553 2269 756 2307 Juvenalem
783 2270 832 2307 XI
862 2271 927 2306 151
951 2271 1109 2318 pastoris
1139 2271 1222 2305 duri
1251 2270 1307 2304 hie
1332 2276 1380 2304 est
1401 2269 1520 2318 filius,
1551 2270 1610 2304 ille

212 2328 350 2364 bubulci
375 2330 562 2376 eodemque
587 2330 689 2366 modo
716 2330 839 2366 Graeci
864 2332 1017 2376 ποιμένα
1044 2332 1078 2365 et
1101 2328 1273 2375 βουκόλον
1303 2328 1393 2364 inter
1425 2339 1461 2364 se
1487 2328 1608 2364 distin-

211 2390 331 2431 guunt,
357 2389 399 2422 cf.
425 2388 547 2435 Eurip.
576 2389 678 2424 Bach.
705 2401 737 2424 v.
758 2390 829 2424 714
854 2388 1078 2435 ξυνήλθομεν
1103 2389 1143 2423 δὲ
1164 2387 1326 2433 βουκόλοι
1351 2389 1409 2422 καὶ
1435 2391 1606 2433 ποιμένες.

211 2443 379 2481 Similiter
405 2445 547 2483 Ovidius
573 2448 609 2483 in
636 2446 716 2483 Met.
745 2447 833 2483 libro
859 2447 875 2483 Ι
900 2458 932 2482 v.
949 2447 1022 2482 513
1056 2457 1134 2482 eum
1166 2446 1209 2481 de
1240 2447 1404 2482 armentis
1427 2446 1607 2494 qreyibus·
