1835 2765
933 47 980 82 32

247 142 330 178 talia
369 146 511 187 apertae
550 142 759 186 tautologiae
799 144 957 189 exempla
988 155 1007 177 a
1038 147 1157 178 nostra
1190 144 1307 188 lingua
1334 143 1446 178 aliena
1472 145 1657 179 imitemur.

248 201 285 235 In
317 211 418 235 versu
447 199 493 234 IV
520 201 591 236 338
620 205 732 237 autem
760 204 957 250 insequitur
984 204 1133 238 candens
1160 203 1339 249 confestim
1365 203 1500 238 lucidus
1526 210 1587 239 ae'r
1613 225 1658 228 —

247 270 347 305 quem
388 259 443 294 hic
475 260 593 295 statim
628 259 733 296 affero
763 281 807 285 —
836 262 985 297 lucidum
1014 265 1128 298 aerem
1156 262 1315 307 caligini,
1354 262 1557 297 candentem
1585 266 1659 297 atro

246 319 443 364 oppositum
485 330 560 354 esse
597 319 721 365 liquet,
761 323 875 356 atrum
915 321 1019 366 igitur
1053 321 1211 365 caliginis
1244 324 1355 356 aerem
1391 324 1425 355 et
1455 321 1658 356 candentem

246 380 362 413 aerem
401 377 490 413 lucis
523 378 615 414 inter
647 391 683 415 se
715 380 863 415 conferri
896 384 1051 427 apparet.
1105 380 1262 426 Denique
1289 380 1425 427 profero
1454 392 1482 415 v.
1508 379 1537 415 V
1570 382 1660 416 1290

247 439 365 472 omnia
405 438 568 473 cedebant
606 440 751 473 armatis
788 441 885 474 nuda
918 447 949 474 et
973 441 1107 474 inerma
1134 451 1219 485 quae
1247 440 1320 474 sine
1347 438 1498 485 pondere
1524 438 1661 474 abunde

246 495 340 531 dicta
377 497 428 531 ita
463 500 579 532 tamen
620 497 733 541 posita
771 497 949 541 videntur,
991 501 1029 532 ut
1066 500 1202 533 inerma
1240 498 1300 534 illa
1334 500 1479 534 armatis
1505 496 1660 533 consulto

247 556 409 601 opposita
442 556 525 598 sint,
565 558 599 589 et
633 566 663 588 v.
695 554 739 589 Vl
775 556 868 590 1238
899 556 1067 601 poenibat
1091 557 1202 601 paulo
1224 564 1308 602 post
1333 559 1430 603 turpi
1453 564 1560 591 morte
1585 568 1660 590 ma-

250 614 361 661 laque.
560 651 565 658 ,

346 672 409 707 His
435 672 595 718 perfectis
622 675 731 707 restat
757 677 796 707 ut
822 684 940 708 eorum
969 684 1091 717 agmen
1119 673 1390 718 producam‚·in
1418 674 1541 719 quibus
1568 673 1663 708 nulla

248 734 307 766 aut
342 731 532 765 sententiae
565 733 624 765 aut
655 730 757 765 metri
785 733 905 777 aperta
931 732 1064 767 ratione
1090 731 1208 767 habita
1235 742 1334 767 voces
1362 732 1534 779 particula
1559 743 1663 778 copu-

246 790 335 825 latas
376 789 544 825 videmus.
597 788 686 825 Sunt
724 790 816 826 enim
850 790 935 827 talia
967 791 1206 827 reconditioris
1238 791 1382 827 rationis
1409 791 1569 838 exempla
1595 803 1662 826 non

246 849 356 884 solum
397 848 579 883 verborum
613 849 673 883 sed
707 850 811 884 etiam
839 850 1019 884 nominum
1046 853 1080 884 et
1106 851 1353 885 adiectivorum
1381 862 1487 895 eaque
1515 861 1583 884 non
1609 850 1662 884 in-

246 908 342 942 curia
381 907 531 952 quadam
572 907 805 953 vituperanda
838 919 858 942 a
884 912 984 952 poeta
1012 908 1109 943 illata
1136 908 1195 943 sed
1222 909 1302 954 quia
1328 908 1423 944 nulla
1450 911 1524 944 erat
1548 919 1663 952 causa,

247 979 307 1003 cur
334 967 422 1002 talia
448 967 703 1011 reformidaret,
730 967 894 1002 admissa.
941 968 1055 1013 Atque
1082 979 1100 1002 e
1126 968 1324 1002 nominibus
1350 968 1485 1013 quidem
1514 967 1663 1013 primum

248 1025 353 1060 affero
380 1025 466 1059 illud
493 1027 641 1071 denique
665 1038 720 1060 ree
747 1028 859 1060 omnis
886 1027 1004 1060 eadem
1029 1028 1081 1060 vis
1108 1038 1282 1071 causaque
1307 1027 1406 1072 volqo
1434 1026 1611 1070 conficeret
1628 1025 1663 1059 in

248 1097 280 1120 v.
304 1083 317 1119 1
351 1084 442 1129 238,
482 1084 539 1119 ubi
574 1087 720 1129 utroque
746 1084 902 1129 nomine,
943 1084 1050 1119 altero
1078 1084 1216 1130 quidem
1244 1084 1391 1119 certiore
1418 1083 1525 1118 altero
1553 1084 1663 1127 magis

249 1143 396 1188 infinito,
424 1144 568 1179 eandem
596 1154 666 1178 rem
695 1143 882 1187 significari
910 1147 1056 1189 apparet
1082 1144 1163 1178 item
1193 1147 1295 1188 atque
1321 1143 1356 1177 in
1383 1155 1412 1177 v.
1430 1142 1457 1176 V
1479 1143 1548 1178 772
1567 1141 1665 1188 (solis

248 1203 418 1248 lunaeque
442 1204 576 1244 cursus)
604 1215 693 1249 quae
718 1204 770 1237 vis
797 1210 827 1237 et
853 1216 958 1237 causa
985 1205 1088 1238 cieret
1113 1206 1147 1237 et
1174 1205 1360 1248 potuerunt
1386 1202 1470 1237 haec
1498 1202 1600 1237 etiam
1628 1202 1665 1236 in

249 1274 279 1297 v.
300 1261 346 1297 VI
374 1263 414 1297 31
447 1273 466 1296 a
494 1264 596 1307 poeta
622 1262 736 1307 posita
763 1272 855 1306 esse,
896 1272 962 1307 quo
992 1261 1236 1296 Lachmannus
1268 1261 1328 1296 illa
1367 1261 1503 1306 intulit,
1543 1272 1665 1307 quam-

249 1332 351 1367 quam
384 1321 497 1355 facere
529 1331 597 1355 non
626 1331 783 1366 possum,
824 1321 906 1365 quin
934 1320 988 1355 hic
1015 1319 1220 1355 Munronem
1248 1331 1373 1365 sequar
1399 1320 1457 1365 qui
1484 1320 1665 1355 lectionem

247 1379 346 1415 codd.
373 1380 532 1415 naturali
549 1399 593 1403 —
615 1378 685 1414 Seu
704 1392 811 1414 causa
829 1392 887 1414 seu
904 1381 942 1414 vi
959 1378 1175 1415 retinendam
1196 1383 1325 1423 censet,
1353 1379 1434 1424 quia
1452 1379 1503 1414 vis
1522 1383 1667 1414 naturae

248 1440 389 1486 proprio
417 1438 581 1474 vocabulo
608 1449 707 1473 casus
735 1428 955 1482 nominatur,
986 1438 1166 1484 oppositus
1193 1437 1251 1473 ille
1277 1438 1420 1473 deorum
1449 1438 1585 1473 cuidam
1612 1449 1667 1473 ra-

247 1499 334 1534 tioni
375 1509 413 1533 ac
452 1497 611 1540 consilio3
651 1508 690 1533 ac
720 1509 763 1532 ne
790 1497 857 1532 alio
885 1497 1022 1543 quidem
1050 1497 1124 1532 loco
1152 1496 1354 1532 Munronem
1382 1498 1509 1532 rectius
1536 1497 1664 1532 sentire

246 1568 346 1602 nego,
374 1557 409 1592 in
437 1568 538 1591 versu
568 1558 661 1592 1072
688 1557 768 1591 libri
793 1556 835 1601 II,
862 1557 920 1591 ubi
949 1557 983 1590 in
1011 1556 1080 1590 illis
1108 1567 1194 1601 quae
1221 1556 1354 1591 codices
1382 1556 1548 1602 praebent
1572 1569 1665 1590 nunc

246 1624 277 1651 et
301 1616 490 1651 seminibus
516 1618 549 1651 δι’
574 1623 675 1651 tanta
702 1624 752 1651 est
777 1618 881 1663 copia
909 1622 1077 1662 quantam
1097 1635 1143 1639 —-—
1163 1617 1216 1650 vis
1243 1617 1361 1650 eadem
1385 1622 1513 1650 natura
1539 1622 1664 1660 manet,

248 1675 423 1710 vinculum
459 1675 626 1710 orationis
666 1675 794 1721 duplex
834 1674 924 1720 quod
958 1675 1174 1709 desideratur
1199 1673 1367 1709 Marullus
1398 1675 1466 1709 iam
1495 1673 1665 1718 effecerat,

247 1745 324 1770 cum
361 1734 492 1779 legeret
529 1736 650 1781 visque
688 1735 809 1769 eadem
847 1740 878 1768 et
915 1740 1045 1768 natura
1082 1741 1212 1777 manet,
1254 1733 1344 1779 quod
1383 1744 1403 1768 a
1443 1732 1664 1769 Lachmanno

247 1794 413 1829 reiectum
447 1793 571 1829 Munro
610 1797 703 1828 recte
743 1792 827 1828 mihi
869 1792 1004 1827 videtur
1041 1793 1244 1828 restituisse.
1304 1792 1391 1827 Nam
1432 1793 1521 1838 quod
1555 1791 1666 1828 Lach-

248 1864 396 1894 mannus
431 1853 534 1887 scribi
566 1852 641 1886 vult
665 1865 757 1886 nunc
784 1864 825 1886 ex
851 1851 1037 1886 seminibus
1066 1871 1105 1875 —
1138 1854 1216 1898 quis
1243 1853 1360 1886 eadem
1384 1859 1513 1886 natura
1539 1859 1665 1896 manet,

247 1923 286 1947 eo
314 1914 490 1947 structura
517 1910 687 1946 enuntiati
715 1913 807 1945 certe
834 1910 1021 1956 impeditur
1049 1914 1081 1945 et
1108 1921 1193 1955 quas
1220 1913 1352 1945 castum
1380 1913 1516 1956 poetam
1545 1910 1667 1945 decere

247 1974 351 2015 negat
377 1969 567 2016 particulas
592 1976 623 2004 et
646 1988 685 1992 —-
718 1981 783 2015 que
807 1969 968 2015 deinceps
989 1970 1131 2015 positas,
1159 1969 1223 2004 hae
1242 1969 1411 2015 exemplis
1430 1969 1667 2004 Ciceronianis

246 2030 438 2076 probantur
465 2028 558 2072 (vide
586 2027 764 2063 Munronis
792 2028 943 2073 notam),
980 2029 1015 2063 in
1040 2031 1078 2064 vi
1103 2032 1217 2064 autem
1245 2031 1280 2064 et
1304 2036 1451 2073 natura,
1480 2028 1514 2063 in
1542 2028 1666 2073 quibus

247 2089 318 2123 fere
354 2088 474 2123 eadem
510 2087 684 2123 sententia
710 2091 778 2131 est,
818 2087 987 2133 copulatis
1014 2088 1186 2122 neminem
1215 2098 1316 2132 spero
1344 2086 1553 2122 offensurum
1581 2098 1665 2121 esse.

249 2146 376 2183 Contra
406 2146 588 2192 Goebelio,
629 2146 686 2192 qui
727 2147 761 2181 in
802 2147 921 2183 eadem
953 2146 1032 2182 libri
1065 2138 1207 2182 alterius
1235 2149 1352 2193 parte,
1392 2157 1422 2181 v.
1453 2146 1564 2190 1068,
1604 2157 1667 2192 pro

248 2207 361 2242 verbis
386 2220 448 2242 nec
473 2220 528 2242 res
554 2219 616 2242 neo
642 2219 748 2241 causa
774 2214 931 2242 moratur
957 2206 1040 2241 locis
1068 2209 1147 2241 ante
1167 2205 1280 2241 allatis
1299 2205 1465 2241 deductus
1485 2205 1666 2250 legendum

250 2277 325 2300 esse
364 2266 499 2311 putavit
527 2279 590 2301 nec
621 2268 674 2301 vis
706 2279 768 2301 nec
800 2279 908 2301 causa
943 2272 1101 2300 moratur
1135 2263 1185 2310 (in
1220 2263 1360 2306 Quaest.
1387 2263 1523 2299 Lucret.
1552 2275 1584 2310 p.
1610 2261 1668 2310 18)

249 2324 375 2360 nollem
404 2324 530 2361 Pollius
564 2337 726 2361 assensus
757 2330 863 2370 esset3
905 2336 984 2360 nam
1018 2326 1071 2359 vis
1098 2327 1131 2359 et
1157 2337 1264 2359 causa
1291 2326 1370 2370 apte
1397 2323 1528 2369 aliquid
1555 2324 1667 2360 facere

249 2389 284 2420 et
309 2395 461 2428 movere,
486 2396 555 2420 non
581 2385 682 2421 obvia
709 2396 785 2421 esse
812 2390 846 2420 et
872 2384 1011 2419 tardare
1031 2383 1203 2418 dicuntur.
1231 2403 1277 2407 -—
1304 2382 1437 2418 Deinde
1456 2381 1667 2419 afferendum

249 2447 302 2478 est
340 2443 374 2478 in
414 2454 445 2477 v.
478 2442 507 2478 ll
542 2445 614 2479 534
645 2452 681 2480 at
713 2446 853 2491 reqione
879 2445 1023 2491 locoque
1048 2435 1118 2478 olio
1146 2445 1316 2490 terrisque
1341 2444 1497 2487 remotis,
1540 2442 1573 2477 in
1600 2453 1669 2488 qua
