<?xml version="1.0" encoding="UTF-8"?>
<!DOCTYPE html PUBLIC "-//W3C//DTD XHTML 1.0 Transitional//EN"
    "http://www.w3.org/TR/xhtml1/DTD/xhtml1-transitional.dtd">
<html xmlns="http://www.w3.org/1999/xhtml" xml:lang="en" lang="en">
 <head>
  <title>
</title>
<meta http-equiv="Content-Type" content="text/html;charset=utf-8" />
  <meta name='ocr-system' content='tesseract 3.04.00' />
  <meta name='ocr-capabilities' content='ocr_page ocr_carea ocr_par ocr_line ocrx_word'/>
</head>
<body>
  <div class='ocr_page' id='page_1' title='image "./4771754_0048.png"; bbox 0 0 1835 2765; ppageno 0'>
   <div class='ocr_carea' id='block_1_1' title="bbox 915 77 961 114">
    <p class='ocr_par' dir='ltr' id='par_1_1' title="bbox 915 77 961 114">
     <span class='ocr_line' id='line_1_1' title="bbox 915 77 961 114; baseline 0.022 -1"><span class='ocrx_word' id='word_1_1' title='bbox 915 77 961 114; x_wconf 88' lang='grc'>36</span> 
     </span>
    </p>
   </div>
   <div class='ocr_carea' id='block_1_2' title="bbox 230 171 1643 2516">
    <p class='ocr_par' dir='ltr' id='par_1_2' title="bbox 233 171 1641 450">
     <span class='ocr_line' id='line_1_2' title="bbox 234 171 1631 219; baseline -0.004 -7"><span class='ocrx_word' id='word_1_2' title='bbox 234 186 326 212; x_wconf 88' lang='lat' dir='ltr'>mus:</span> <span class='ocrx_word' id='word_1_3' title='bbox 365 186 402 211; x_wconf 87' lang='lat' dir='ltr'>es</span> <span class='ocrx_word' id='word_1_4' title='bbox 428 175 562 210; x_wconf 88' lang='lat' dir='ltr'>kommt</span> <span class='ocrx_word' id='word_1_5' title='bbox 593 174 678 210; x_wconf 87' lang='lat' dir='ltr'>auch</span> <span class='ocrx_word' id='word_1_6' title='bbox 710 185 789 219; x_wconf 88' lang='lat' dir='ltr'>vor,</span> <span class='ocrx_word' id='word_1_7' title='bbox 815 173 948 210; x_wconf 53' lang='lat' dir='ltr'>*sobald</span> <span class='ocrx_word' id='word_1_8' title='bbox 976 193 1020 198; x_wconf 89' lang='lat'><em>-</em></span> <span class='ocrx_word' id='word_1_9' title='bbox 1048 172 1108 208; x_wconf 90' lang='lat' dir='ltr'>der</span> <span class='ocrx_word' id='word_1_10' title='bbox 1138 171 1289 217; x_wconf 80' lang='lat' dir='ltr'>gh&#39;ihend</span> <span class='ocrx_word' id='word_1_11' title='bbox 1315 171 1427 207; x_wconf 87' lang='lat' dir='ltr'>heisse</span> <span class='ocrx_word' id='word_1_12' title='bbox 1453 171 1543 207; x_wconf 90' lang='lat' dir='ltr'>Blitz</span> <span class='ocrx_word' id='word_1_13' title='bbox 1570 184 1631 208; x_wconf 89' lang='lat' dir='ltr'>aus</span> 
     </span>
     <span class='ocr_line' id='line_1_3' title="bbox 239 230 1639 277; baseline -0.004 -7"><span class='ocrx_word' id='word_1_14' title='bbox 239 235 334 271; x_wconf 90' lang='lat' dir='ltr'>einer</span> <span class='ocrx_word' id='word_1_15' title='bbox 358 232 481 270; x_wconf 88' lang='lat' dir='ltr'>Wolke</span> <span class='ocrx_word' id='word_1_16' title='bbox 507 234 545 269; x_wconf 93' lang='lat' dir='ltr'>in</span> <span class='ocrx_word' id='word_1_17' title='bbox 571 233 647 269; x_wconf 88' lang='lat' dir='ltr'>eine</span> <span class='ocrx_word' id='word_1_18' title='bbox 673 233 800 269; x_wconf 86' lang='lat' dir='ltr'>andere</span> <span class='ocrx_word' id='word_1_19' title='bbox 826 232 1049 277; x_wconf 68' lang='lat' dir='ltr'>hineinfahrt,</span> <span class='ocrx_word' id='word_1_20' title='bbox 1076 242 1114 267; x_wconf 87' lang='lat' dir='ltr'>so</span> <span class='ocrx_word' id='word_1_21' title='bbox 1140 230 1250 267; x_wconf 79' lang='lat' dir='ltr'>loscht</span> <span class='ocrx_word' id='word_1_22' title='bbox 1276 230 1369 266; x_wconf 90' lang='lat' dir='ltr'>diese</span> <span class='ocrx_word' id='word_1_23' title='bbox 1388 250 1433 255; x_wconf 95' lang='lat'>-—</span> <span class='ocrx_word' id='word_1_24' title='bbox 1452 230 1511 265; x_wconf 91' lang='lat' dir='ltr'>ihn</span> <span class='ocrx_word' id='word_1_25' title='bbox 1538 234 1639 266; x_wconf 89' lang='lat' dir='ltr'>unter</span> 
     </span>
     <span class='ocr_line' id='line_1_4' title="bbox 233 289 1640 339; baseline -0.004 -9"><span class='ocrx_word' id='word_1_26' title='bbox 233 293 450 339; x_wconf 82' lang='lat' dir='ltr'>gewaltigem</span> <span class='ocrx_word' id='word_1_27' title='bbox 476 292 603 330; x_wconf 79' lang='lat' dir='ltr'>Getose</span> <span class='ocrx_word' id='word_1_28' title='bbox 630 294 716 338; x_wconf 90' lang='lat' dir='ltr'>aus).</span> <span class='ocrx_word' id='word_1_29' title='bbox 768 292 899 328; x_wconf 83' lang='lat' dir='ltr'>Tamen</span> <span class='ocrx_word' id='word_1_30' title='bbox 927 292 1030 328; x_wconf 87' lang='lat' dir='ltr'>etiam</span> <span class='ocrx_word' id='word_1_31' title='bbox 1058 291 1121 327; x_wconf 89' lang='lat' dir='ltr'>hoc</span> <span class='ocrx_word' id='word_1_32' title='bbox 1146 290 1221 326; x_wconf 84' lang='lat' dir='ltr'>loco</span> <span class='ocrx_word' id='word_1_33' title='bbox 1248 290 1397 326; x_wconf 84' lang='lat' dir='ltr'><strong>editores</strong></span> <span class='ocrx_word' id='word_1_34' title='bbox 1425 292 1484 325; x_wconf 87' lang='lat' dir='ltr'>aut</span> <span class='ocrx_word' id='word_1_35' title='bbox 1509 289 1640 325; x_wconf 72' lang='lat' dir='ltr'>inserta¹</span> 
     </span>
     <span class='ocr_line' id='line_1_5' title="bbox 233 348 1641 397; baseline -0.004 -8"><span class='ocrx_word' id='word_1_36' title='bbox 233 352 474 390; x_wconf 85' lang='lat' dir='ltr'>coniunctione</span> <span class='ocrx_word' id='word_1_37' title='bbox 498 360 538 389; x_wconf 82' lang='lat' dir='ltr'>ut</span> <span class='ocrx_word' id='word_1_38' title='bbox 563 355 623 388; x_wconf 89' lang='lat' dir='ltr'>aut</span> <span class='ocrx_word' id='word_1_39' title='bbox 647 354 779 388; x_wconf 90' lang='lat' dir='ltr'>mutato</span> <span class='ocrx_word' id='word_1_40' title='bbox 807 352 912 388; x_wconf 88' lang='lat' dir='ltr'>verbo</span> <span class='ocrx_word' id='word_1_41' title='bbox 928 352 974 397; x_wconf 79' lang='lat' dir='ltr'>fit</span> <span class='ocrx_word' id='word_1_42' title='bbox 1002 352 1129 386; x_wconf 87' lang='lat' dir='ltr'>iustam</span> <span class='ocrx_word' id='word_1_43' title='bbox 1163 349 1329 385; x_wconf 87' lang='lat' dir='ltr'>orationis</span> <span class='ocrx_word' id='word_1_44' title='bbox 1359 349 1507 384; x_wconf 86' lang='lat' dir='ltr'>formam</span> <span class='ocrx_word' id='word_1_45' title='bbox 1541 348 1641 384; x_wconf 89' lang='lat' dir='ltr'>resti-</span> 
     </span>
     <span class='ocr_line' id='line_1_6' title="bbox 233 413 588 450; baseline -0.006 0"><span class='ocrx_word' id='word_1_46' title='bbox 233 415 331 450; x_wconf 82' lang='lat' dir='ltr'>tuere</span> <span class='ocrx_word' id='word_1_47' title='bbox 356 413 471 449; x_wconf 87' lang='lat' dir='ltr'>conati</span> <span class='ocrx_word' id='word_1_48' title='bbox 497 415 588 449; x_wconf 87' lang='lat' dir='ltr'>sunt.</span> 
     </span>
    </p>

    <p class='ocr_par' dir='ltr' id='par_1_3' title="bbox 230 469 1643 2516">
     <span class='ocr_line' id='line_1_7' title="bbox 332 469 1640 518; baseline -0.005 -9"><span class='ocrx_word' id='word_1_49' title='bbox 332 472 425 509; x_wconf 84' lang='lat' dir='ltr'>Huic</span> <span class='ocrx_word' id='word_1_50' title='bbox 449 472 523 508; x_wconf 89' lang='lat' dir='ltr'>loco</span> <span class='ocrx_word' id='word_1_51' title='bbox 555 474 767 518; x_wconf 89' lang='lat' dir='ltr'>postremum</span> <span class='ocrx_word' id='word_1_52' title='bbox 797 471 885 507; x_wconf 85' lang='lat' dir='ltr'>addo</span> <span class='ocrx_word' id='word_1_53' title='bbox 911 483 944 506; x_wconf 90' lang='lat' dir='ltr'>v.</span> <span class='ocrx_word' id='word_1_54' title='bbox 963 470 993 506; x_wconf 92' lang='lat' dir='ltr'><strong>V</strong></span> <span class='ocrx_word' id='word_1_55' title='bbox 1015 471 1107 507; x_wconf 87' lang='lat'>1078</span> <span class='ocrx_word' id='word_1_56' title='bbox 1133 473 1173 506; x_wconf 78' lang='lat' dir='ltr'>in</span> <span class='ocrx_word' id='word_1_57' title='bbox 1197 471 1289 506; x_wconf 70' lang='lat' dir='ltr'>salso</span> <span class='ocrx_word' id='word_1_58' title='bbox 1315 471 1441 505; x_wconf 78' lang='lat' dir='ltr'>victum</span> <span class='ocrx_word' id='word_1_59' title='bbox 1466 469 1640 515; x_wconf 76' lang='lat' dir='ltr'>vitamque</span> 
     </span>
     <span class='ocr_line' id='line_1_8' title="bbox 230 526 1641 581; baseline -0.004 -13"><span class='ocrx_word' id='word_1_60' title='bbox 230 539 399 581; x_wconf 73' lang='lat' dir='ltr'>petentes,</span> <span class='ocrx_word' id='word_1_61' title='bbox 425 531 459 576; x_wconf 87' lang='lat' dir='ltr'>h.</span> <span class='ocrx_word' id='word_1_62' title='bbox 479 542 507 567; x_wconf 91' lang='lat' dir='ltr'>e.</span> <span class='ocrx_word' id='word_1_63' title='bbox 532 532 661 566; x_wconf 75' lang='lat' dir='ltr'>victum</span> <span class='ocrx_word' id='word_1_64' title='bbox 685 532 776 565; x_wconf 79' lang='lat' dir='ltr'>vitae</span> <span class='ocrx_word' id='word_1_65' title='bbox 796 537 962 577; x_wconf 55' lang='lat' dir='ltr'>petentear,</span> <span class='ocrx_word' id='word_1_66' title='bbox 991 540 1201 575; x_wconf 86' lang='lat' dir='ltr'>quamquam</span> <span class='ocrx_word' id='word_1_67' title='bbox 1228 532 1321 565; x_wconf 87' lang='lat' dir='ltr'>certe</span> <span class='ocrx_word' id='word_1_68' title='bbox 1347 528 1450 565; x_wconf 84' lang='lat' dir='ltr'>etiam</span> <span class='ocrx_word' id='word_1_69' title='bbox 1476 527 1526 563; x_wconf 90' lang='lat' dir='ltr'>sic</span> <span class='ocrx_word' id='word_1_70' title='bbox 1556 526 1641 562; x_wconf 90' lang='lat' dir='ltr'>illud</span> 
     </span>
     <span class='ocr_line' id='line_1_9' title="bbox 235 587 1643 637; baseline -0.005 -9"><span class='ocrx_word' id='word_1_71' title='bbox 235 594 326 628; x_wconf 79' lang='lat' dir='ltr'>vitae</span> <span class='ocrx_word' id='word_1_72' title='bbox 357 592 494 637; x_wconf 88' lang='lat' dir='ltr'>praeter</span> <span class='ocrx_word' id='word_1_73' title='bbox 526 588 766 624; x_wconf 88' lang='lat' dir='ltr'>necessitatem</span> <span class='ocrx_word' id='word_1_74' title='bbox 800 587 954 623; x_wconf 85' lang='lat' dir='ltr'>additum</span> <span class='ocrx_word' id='word_1_75' title='bbox 990 587 1053 623; x_wconf 90' lang='lat' dir='ltr'>soli</span> <span class='ocrx_word' id='word_1_76' title='bbox 1091 587 1315 624; x_wconf 85' lang='lat' dir='ltr'>alliterationi</span> <span class='ocrx_word' id='word_1_77' title='bbox 1341 587 1471 624; x_wconf 88' lang='lat' dir='ltr'>servire</span> <span class='ocrx_word' id='word_1_78' title='bbox 1498 587 1643 633; x_wconf 88' lang='lat' dir='ltr'>apparet</span> 
     </span>
     <span class='ocr_line' id='line_1_10' title="bbox 235 645 1642 694; baseline -0.003 -9"><span class='ocrx_word' id='word_1_79' title='bbox 235 650 291 685; x_wconf 83' lang='lat' dir='ltr'>hio</span> <span class='ocrx_word' id='word_1_80' title='bbox 315 650 398 685; x_wconf 86' lang='lat' dir='ltr'>item</span> <span class='ocrx_word' id='word_1_81' title='bbox 425 651 527 693; x_wconf 82' lang='lat' dir='ltr'>atque</span> <span class='ocrx_word' id='word_1_82' title='bbox 552 648 589 682; x_wconf 88' lang='lat' dir='ltr'>in</span> <span class='ocrx_word' id='word_1_83' title='bbox 615 658 646 681; x_wconf 87' lang='lat' dir='ltr'>v.</span> <span class='ocrx_word' id='word_1_84' title='bbox 672 648 741 682; x_wconf 90' lang='lat'>801</span> <span class='ocrx_word' id='word_1_85' title='bbox 769 654 890 694; x_wconf 72' lang='lat' dir='ltr'>sponte</span> <span class='ocrx_word' id='word_1_86' title='bbox 916 660 981 682; x_wconf 72' lang='lat' dir='ltr'>sua</span> <span class='ocrx_word' id='word_1_87' title='bbox 1004 648 1132 682; x_wconf 80' lang='lat' dir='ltr'>victum</span> <span class='ocrx_word' id='word_1_88' title='bbox 1163 648 1338 694; x_wconf 81' lang='lat' dir='ltr'>vitamque</span> <span class='ocrx_word' id='word_1_89' title='bbox 1365 654 1527 694; x_wconf 76' lang='lat' dir='ltr'>petentes.</span> <span class='ocrx_word' id='word_1_90' title='bbox 1580 645 1642 680; x_wconf 76' lang='lat' dir='ltr'>Di—</span> 
     </span>
     <span class='ocr_line' id='line_1_11' title="bbox 235 705 1642 744; baseline -0.003 0"><span class='ocrx_word' id='word_1_91' title='bbox 235 719 335 744; x_wconf 89' lang='lat' dir='ltr'>versa</span> <span class='ocrx_word' id='word_1_92' title='bbox 364 710 480 743; x_wconf 90' lang='lat' dir='ltr'>autem</span> <span class='ocrx_word' id='word_1_93' title='bbox 509 717 565 742; x_wconf 88' lang='lat' dir='ltr'>res</span> <span class='ocrx_word' id='word_1_94' title='bbox 595 706 680 741; x_wconf 90' lang='lat' dir='ltr'>mihi</span> <span class='ocrx_word' id='word_1_95' title='bbox 714 705 850 741; x_wconf 89' lang='lat' dir='ltr'>videtur</span> <span class='ocrx_word' id='word_1_96' title='bbox 882 706 919 741; x_wconf 91' lang='lat' dir='ltr'>in</span> <span class='ocrx_word' id='word_1_97' title='bbox 952 705 1105 741; x_wconf 89' lang='lat' dir='ltr'>eiusdem</span> <span class='ocrx_word' id='word_1_98' title='bbox 1138 705 1219 741; x_wconf 87' lang='lat' dir='ltr'>libri</span> <span class='ocrx_word' id='word_1_99' title='bbox 1253 716 1354 741; x_wconf 88' lang='lat' dir='ltr'>versu</span> <span class='ocrx_word' id='word_1_100' title='bbox 1391 706 1483 741; x_wconf 88' lang='lat'>1103</span> <span class='ocrx_word' id='word_1_101' title='bbox 1515 706 1642 740; x_wconf 77' lang='lat' dir='ltr'>victum</span> 
     </span>
     <span class='ocr_line' id='line_1_12' title="bbox 233 762 1641 813; baseline -0.003 -11"><span class='ocrx_word' id='word_1_102' title='bbox 233 769 407 813; x_wconf 80' lang='lat' dir='ltr'>vitamque</span> <span class='ocrx_word' id='word_1_103' title='bbox 432 767 592 813; x_wconf 76' lang='lat' dir='ltr'><em>priorem</em></span> <span class='ocrx_word' id='word_1_104' title='bbox 617 764 836 800; x_wconf 67' lang='lat' dir='ltr'>Commetare</span> <span class='ocrx_word' id='word_1_105' title='bbox 862 765 932 810; x_wconf 91' lang='lat' dir='ltr'>ubi,</span> <span class='ocrx_word' id='word_1_106' title='bbox 959 765 1027 800; x_wconf 91' lang='lat' dir='ltr'>nisi</span> <span class='ocrx_word' id='word_1_107' title='bbox 1052 776 1107 800; x_wconf 88' lang='lat' dir='ltr'>res</span> <span class='ocrx_word' id='word_1_108' title='bbox 1134 776 1189 800; x_wconf 90' lang='lat' dir='ltr'>me</span> <span class='ocrx_word' id='word_1_109' title='bbox 1214 764 1315 809; x_wconf 89' lang='lat' dir='ltr'>fallit,</span> <span class='ocrx_word' id='word_1_110' title='bbox 1343 765 1413 799; x_wconf 85' lang='lat' dir='ltr'>vita</span> <span class='ocrx_word' id='word_1_111' title='bbox 1440 775 1481 812; x_wconf 79' lang='lat' dir='ltr'>ea</span> <span class='ocrx_word' id='word_1_112' title='bbox 1512 762 1641 799; x_wconf 89' lang='lat' dir='ltr'>intelle-</span> 
     </span>
     <span class='ocr_line' id='line_1_13' title="bbox 236 822 1642 871; baseline -0.002 -10"><span class='ocrx_word' id='word_1_113' title='bbox 236 825 348 871; x_wconf 85' lang='lat' dir='ltr'>genda</span> <span class='ocrx_word' id='word_1_114' title='bbox 374 826 443 871; x_wconf 89' lang='lat' dir='ltr'>est,</span> <span class='ocrx_word' id='word_1_115' title='bbox 475 835 562 871; x_wconf 90' lang='lat' dir='ltr'>quae</span> <span class='ocrx_word' id='word_1_116' title='bbox 588 824 743 860; x_wconf 90' lang='lat' dir='ltr'>moribus</span> <span class='ocrx_word' id='word_1_117' title='bbox 770 824 1002 869; x_wconf 82' lang='lat' dir='ltr'>cognoscitur,</span> <span class='ocrx_word' id='word_1_118' title='bbox 1034 824 1144 860; x_wconf 88' lang='lat' dir='ltr'>victus</span> <span class='ocrx_word' id='word_1_119' title='bbox 1169 824 1218 870; x_wconf 90' lang='lat' dir='ltr'>is,</span> <span class='ocrx_word' id='word_1_120' title='bbox 1249 823 1308 870; x_wconf 94' lang='lat' dir='ltr'>qui</span> <span class='ocrx_word' id='word_1_121' title='bbox 1332 823 1452 859; x_wconf 89' lang='lat' dir='ltr'>habitu</span> <span class='ocrx_word' id='word_1_122' title='bbox 1482 822 1642 869; x_wconf 90' lang='lat' dir='ltr'>cultuque</span> 
     </span>
     <span class='ocr_line' id='line_1_14' title="bbox 233 881 1642 920; baseline -0.002 0"><span class='ocrx_word' id='word_1_123' title='bbox 233 884 382 920; x_wconf 91' lang='lat' dir='ltr'>hominis</span> <span class='ocrx_word' id='word_1_124' title='bbox 414 884 621 919; x_wconf 83' lang='lat' dir='ltr'>continetur.</span> <span class='ocrx_word' id='word_1_125' title='bbox 679 883 731 919; x_wconf 89' lang='lat' dir='ltr'>Ea</span> <span class='ocrx_word' id='word_1_126' title='bbox 764 883 856 919; x_wconf 85' lang='lat' dir='ltr'>certe</span> <span class='ocrx_word' id='word_1_127' title='bbox 889 888 942 920; x_wconf 89' lang='lat' dir='ltr'>est</span> <span class='ocrx_word' id='word_1_128' title='bbox 971 886 1062 919; x_wconf 80' lang='lat' dir='ltr'>vitae</span> <span class='ocrx_word' id='word_1_129' title='bbox 1096 884 1266 919; x_wconf 81' lang='lat' dir='ltr'>sententia</span> <span class='ocrx_word' id='word_1_130' title='bbox 1301 883 1404 919; x_wconf 91' lang='lat' dir='ltr'>etiam</span> <span class='ocrx_word' id='word_1_131' title='bbox 1438 883 1474 918; x_wconf 90' lang='lat' dir='ltr'>in</span> <span class='ocrx_word' id='word_1_132' title='bbox 1506 881 1642 918; x_wconf 88' lang='lat' dir='ltr'>Corneli</span> 
     </span>
     <span class='ocr_line' id='line_1_15' title="bbox 234 942 1643 990; baseline -0.001 -12"><span class='ocrx_word' id='word_1_133' title='bbox 234 943 378 990; x_wconf 76' lang='lat' dir='ltr'>Nepotis</span> <span class='ocrx_word' id='word_1_134' title='bbox 404 942 603 988; x_wconf 83' lang='lat' dir='ltr'>Timotheo,</span> <span class='ocrx_word' id='word_1_135' title='bbox 637 953 712 989; x_wconf 84' lang='lat' dir='ltr'>cap.</span> <span class='ocrx_word' id='word_1_136' title='bbox 731 943 772 987; x_wconf 91' lang='lat'>4,</span> <span class='ocrx_word' id='word_1_137' title='bbox 799 944 820 978; x_wconf 90' lang='lat'>2</span> <span class='ocrx_word' id='word_1_138' title='bbox 852 943 1023 979; x_wconf 74' lang='lat' dir='ltr'>Timothei</span> <span class='ocrx_word' id='word_1_139' title='bbox 1048 950 1162 978; x_wconf 75' lang='lat' dir='ltr'>autem</span> <span class='ocrx_word' id='word_1_140' title='bbox 1186 944 1383 979; x_wconf 76' lang='lat' dir='ltr'>moderatae</span> <span class='ocrx_word' id='word_1_141' title='bbox 1409 944 1643 989; x_wconf 72' lang='lat' dir='ltr'>sapientisque</span> 
     </span>
     <span class='ocr_line' id='line_1_16' title="bbox 233 1000 1643 1049; baseline -0.001 -11"><span class='ocrx_word' id='word_1_142' title='bbox 233 1004 325 1038; x_wconf 80' lang='lat' dir='ltr'>vitae</span> <span class='ocrx_word' id='word_1_143' title='bbox 350 1015 427 1037; x_wconf 85' lang='lat' dir='ltr'>cum</span> <span class='ocrx_word' id='word_1_144' title='bbox 446 1002 619 1049; x_wconf 80' lang='lat' dir='ltr'>pleraque</span> <span class='ocrx_word' id='word_1_145' title='bbox 642 1003 816 1048; x_wconf 70' lang='lat' dir='ltr'>possimus</span> <span class='ocrx_word' id='word_1_146' title='bbox 840 1002 1003 1048; x_wconf 84' lang='lat' dir='ltr'>proferre</span> <span class='ocrx_word' id='word_1_147' title='bbox 1028 1004 1224 1037; x_wconf 70' lang='lat' dir='ltr'>testimonia</span> <span class='ocrx_word' id='word_1_148' title='bbox 1249 1004 1351 1047; x_wconf 86' lang='lat' dir='ltr'>atque</span> <span class='ocrx_word' id='word_1_149' title='bbox 1378 1000 1498 1036; x_wconf 85' lang='lat' dir='ltr'>eadem</span> <span class='ocrx_word' id='word_1_150' title='bbox 1517 1013 1572 1036; x_wconf 84' lang='lat' dir='ltr'>res</span> <span class='ocrx_word' id='word_1_151' title='bbox 1591 1004 1643 1036; x_wconf 88' lang='lat' dir='ltr'>est</span> 
     </span>
     <span class='ocr_line' id='line_1_17' title="bbox 235 1057 1642 1107; baseline -0.001 -11"><span class='ocrx_word' id='word_1_152' title='bbox 235 1062 271 1096; x_wconf 91' lang='lat' dir='ltr'>in</span> <span class='ocrx_word' id='word_1_153' title='bbox 305 1060 475 1107; x_wconf 85' lang='lat' dir='ltr'>exemplis</span> <span class='ocrx_word' id='word_1_154' title='bbox 513 1060 582 1096; x_wconf 87' lang='lat' dir='ltr'>illis</span> <span class='ocrx_word' id='word_1_155' title='bbox 615 1060 848 1096; x_wconf 82' lang='lat' dir='ltr'>Ciceronianis</span> <span class='ocrx_word' id='word_1_156' title='bbox 886 1060 941 1104; x_wconf 89' lang='lat' dir='ltr'>(de</span> <span class='ocrx_word' id='word_1_157' title='bbox 972 1059 1076 1105; x_wconf 85' lang='lat' dir='ltr'>Legg.</span> <span class='ocrx_word' id='word_1_158' title='bbox 1102 1059 1149 1095; x_wconf 93' lang='lat' dir='ltr'>III</span> <span class='ocrx_word' id='word_1_159' title='bbox 1172 1060 1218 1095; x_wconf 88' lang='lat'>32</span> <span class='ocrx_word' id='word_1_160' title='bbox 1249 1059 1348 1095; x_wconf 84' lang='lat' dir='ltr'>Brut.</span> <span class='ocrx_word' id='word_1_161' title='bbox 1373 1060 1437 1104; x_wconf 82' lang='lat'>25,</span> <span class='ocrx_word' id='word_1_162' title='bbox 1460 1057 1523 1105; x_wconf 84' lang='lat'>95)</span> <span class='ocrx_word' id='word_1_163' title='bbox 1555 1070 1642 1105; x_wconf 87' lang='lat' dir='ltr'>quae</span> 
     </span>
     <span class='ocr_line' id='line_1_18' title="bbox 236 1118 1640 1166; baseline -0.001 -11"><span class='ocrx_word' id='word_1_164' title='bbox 236 1119 361 1155; x_wconf 88' lang='lat' dir='ltr'>Munro</span> <span class='ocrx_word' id='word_1_165' title='bbox 394 1119 508 1166; x_wconf 90' lang='lat' dir='ltr'>aptius</span> <span class='ocrx_word' id='word_1_166' title='bbox 539 1119 582 1154; x_wconf 89' lang='lat' dir='ltr'>ad</span> <span class='ocrx_word' id='word_1_167' title='bbox 613 1119 704 1154; x_wconf 92' lang='lat' dir='ltr'>hunc</span> <span class='ocrx_word' id='word_1_168' title='bbox 729 1130 866 1154; x_wconf 91' lang='lat' dir='ltr'>versum</span> <span class='ocrx_word' id='word_1_169' title='bbox 898 1129 1001 1164; x_wconf 89' lang='lat' dir='ltr'>quam</span> <span class='ocrx_word' id='word_1_170' title='bbox 1034 1118 1078 1153; x_wconf 89' lang='lat' dir='ltr'>ad</span> <span class='ocrx_word' id='word_1_171' title='bbox 1103 1129 1241 1154; x_wconf 90' lang='lat' dir='ltr'>versum</span> <span class='ocrx_word' id='word_1_172' title='bbox 1269 1119 1339 1154; x_wconf 90' lang='lat'>804</span> <span class='ocrx_word' id='word_1_173' title='bbox 1367 1118 1539 1154; x_wconf 83' lang='lat' dir='ltr'>attulisset</span> <span class='ocrx_word' id='word_1_174' title='bbox 1565 1119 1640 1164; x_wconf 92' lang='lat' dir='ltr'>qui-</span> 
     </span>
     <span class='ocr_line' id='line_1_19' title="bbox 236 1176 1641 1225; baseline -0.001 -11"><span class='ocrx_word' id='word_1_175' title='bbox 236 1178 381 1225; x_wconf 84' lang='lat' dir='ltr'>busque,</span> <span class='ocrx_word' id='word_1_176' title='bbox 407 1178 437 1213; x_wconf 92' lang='lat' dir='ltr'>si</span> <span class='ocrx_word' id='word_1_177' title='bbox 463 1177 586 1224; x_wconf 87' lang='lat' dir='ltr'>placet,</span> <span class='ocrx_word' id='word_1_178' title='bbox 614 1178 782 1223; x_wconf 83' lang='lat' dir='ltr'>adiungas</span> <span class='ocrx_word' id='word_1_179' title='bbox 808 1177 898 1224; x_wconf 91' lang='lat' dir='ltr'>quod</span> <span class='ocrx_word' id='word_1_180' title='bbox 923 1177 1014 1212; x_wconf 87' lang='lat' dir='ltr'>idem</span> <span class='ocrx_word' id='word_1_181' title='bbox 1043 1176 1161 1212; x_wconf 89' lang='lat' dir='ltr'>Cicero</span> <span class='ocrx_word' id='word_1_182' title='bbox 1189 1177 1273 1212; x_wconf 90' lang='lat' dir='ltr'>dicit</span> <span class='ocrx_word' id='word_1_183' title='bbox 1297 1177 1333 1211; x_wconf 93' lang='lat' dir='ltr'>in</span> <span class='ocrx_word' id='word_1_184' title='bbox 1361 1177 1473 1223; x_wconf 89' lang='lat' dir='ltr'>primo</span> <span class='ocrx_word' id='word_1_185' title='bbox 1500 1176 1541 1212; x_wconf 89' lang='lat' dir='ltr'>de</span> <span class='ocrx_word' id='word_1_186' title='bbox 1567 1176 1641 1212; x_wconf 82' lang='lat' dir='ltr'>offi-</span> 
     </span>
     <span class='ocr_line' id='line_1_20' title="bbox 236 1236 1639 1283; baseline -0.001 -11"><span class='ocrx_word' id='word_1_187' title='bbox 236 1237 299 1272; x_wconf 84' lang='lat' dir='ltr'>ciis</span> <span class='ocrx_word' id='word_1_188' title='bbox 329 1236 435 1282; x_wconf 86' lang='lat' dir='ltr'>libr0,</span> <span class='ocrx_word' id='word_1_189' title='bbox 468 1247 543 1283; x_wconf 85' lang='lat' dir='ltr'>cap.</span> <span class='ocrx_word' id='word_1_190' title='bbox 573 1237 634 1281; x_wconf 83' lang='lat'>17,</span> <span class='ocrx_word' id='word_1_191' title='bbox 668 1248 741 1283; x_wconf 83' lang='lat' dir='ltr'>par.</span> <span class='ocrx_word' id='word_1_192' title='bbox 766 1238 812 1272; x_wconf 83' lang='lat'>58</span> <span class='ocrx_word' id='word_1_193' title='bbox 845 1239 918 1271; x_wconf 76' lang='lat' dir='ltr'>vita</span> <span class='ocrx_word' id='word_1_194' title='bbox 950 1243 1062 1271; x_wconf 84' lang='lat' dir='ltr'>autem</span> <span class='ocrx_word' id='word_1_195' title='bbox 1099 1238 1276 1283; x_wconf 71' lang='lat' dir='ltr'>victusque</span> <span class='ocrx_word' id='word_1_196' title='bbox 1315 1239 1502 1272; x_wconf 72' lang='lat' dir='ltr'>eommunis</span> <span class='ocrx_word' id='word_1_197' title='bbox 1528 1259 1575 1263; x_wconf 96' lang='lat'><strong>—</strong></span> <span class='ocrx_word' id='word_1_198' title='bbox 1601 1238 1639 1271; x_wconf 80' lang='lat' dir='ltr'>in</span> 
     </span>
     <span class='ocr_line' id='line_1_21' title="bbox 237 1294 1639 1342; baseline 0 -11"><span class='ocrx_word' id='word_1_199' title='bbox 237 1297 399 1331; x_wconf 67' lang='lat' dir='ltr'><em>amicitiis</em></span> <span class='ocrx_word' id='word_1_200' title='bbox 428 1297 544 1342; x_wconf 74' lang='lat' dir='ltr'>viqent</span> <span class='ocrx_word' id='word_1_201' title='bbox 573 1297 730 1330; x_wconf 65' lang='lat' dir='ltr'>mamime.</span> <span class='ocrx_word' id='word_1_202' title='bbox 783 1294 850 1331; x_wconf 85' lang='lat' dir='ltr'>Sed</span> <span class='ocrx_word' id='word_1_203' title='bbox 877 1305 953 1330; x_wconf 86' lang='lat' dir='ltr'>cum</span> <span class='ocrx_word' id='word_1_204' title='bbox 981 1297 1082 1330; x_wconf 85' lang='lat' dir='ltr'>antea</span> <span class='ocrx_word' id='word_1_205' title='bbox 1108 1297 1235 1330; x_wconf 76' lang='lat' dir='ltr'>victum</span> <span class='ocrx_word' id='word_1_206' title='bbox 1259 1297 1433 1342; x_wconf 73' lang='lat' dir='ltr'>vitamque</span> <span class='ocrx_word' id='word_1_207' title='bbox 1458 1306 1521 1342; x_wconf 84' lang='lat' dir='ltr'>pro</span> <span class='ocrx_word' id='word_1_208' title='bbox 1546 1297 1639 1331; x_wconf 76' lang='lat' dir='ltr'>victu</span> 
     </span>
     <span class='ocr_line' id='line_1_22' title="bbox 235 1353 1638 1400; baseline -0.001 -10"><span class='ocrx_word' id='word_1_209' title='bbox 235 1357 327 1390; x_wconf 79' lang='lat' dir='ltr'>vitae</span> <span class='ocrx_word' id='word_1_210' title='bbox 360 1354 472 1400; x_wconf 87' lang='lat' dir='ltr'>posita</span> <span class='ocrx_word' id='word_1_211' title='bbox 510 1364 584 1389; x_wconf 89' lang='lat' dir='ltr'>esse</span> <span class='ocrx_word' id='word_1_212' title='bbox 617 1354 973 1398; x_wconf 89' lang='lat' dir='ltr'>commemoraverim,</span> <span class='ocrx_word' id='word_1_213' title='bbox 1006 1354 1088 1389; x_wconf 90' lang='lat' dir='ltr'>data</span> <span class='ocrx_word' id='word_1_214' title='bbox 1119 1354 1297 1389; x_wconf 85' lang='lat' dir='ltr'>occasione</span> <span class='ocrx_word' id='word_1_215' title='bbox 1330 1353 1433 1400; x_wconf 87' lang='lat' dir='ltr'>paulo</span> <span class='ocrx_word' id='word_1_216' title='bbox 1467 1353 1567 1400; x_wconf 90' lang='lat' dir='ltr'>plura</span> <span class='ocrx_word' id='word_1_217' title='bbox 1597 1353 1638 1389; x_wconf 88' lang='lat' dir='ltr'>de</span> 
     </span>
     <span class='ocr_line' id='line_1_23' title="bbox 236 1411 1638 1461; baseline 0 -13"><span class='ocrx_word' id='word_1_218' title='bbox 236 1412 347 1458; x_wconf 87' lang='lat' dir='ltr'>figura</span> <span class='ocrx_word' id='word_1_219' title='bbox 372 1411 444 1458; x_wconf 88' lang='lat' dir='ltr'>illa,</span> <span class='ocrx_word' id='word_1_220' title='bbox 471 1423 557 1459; x_wconf 88' lang='lat' dir='ltr'>quae</span> <span class='ocrx_word' id='word_1_221' title='bbox 583 1412 708 1448; x_wconf 90' lang='lat' dir='ltr'>dicitur</span> <span class='ocrx_word' id='word_1_222' title='bbox 733 1413 982 1461; x_wconf 75' lang='lat' dir='ltr'>kendiadyoin,</span> <span class='ocrx_word' id='word_1_223' title='bbox 1010 1412 1165 1459; x_wconf 87' lang='lat' dir='ltr'>proferre</span> <span class='ocrx_word' id='word_1_224' title='bbox 1196 1412 1281 1448; x_wconf 91' lang='lat' dir='ltr'>mihi</span> <span class='ocrx_word' id='word_1_225' title='bbox 1315 1412 1428 1458; x_wconf 90' lang='lat' dir='ltr'>liceat,</span> <span class='ocrx_word' id='word_1_226' title='bbox 1455 1413 1551 1448; x_wconf 88' lang='lat' dir='ltr'>ouius</span> <span class='ocrx_word' id='word_1_227' title='bbox 1577 1424 1638 1448; x_wconf 83' lang='lat' dir='ltr'>na-</span> 
     </span>
     <span class='ocr_line' id='line_1_24' title="bbox 236 1471 1635 1519; baseline -0.001 -11"><span class='ocrx_word' id='word_1_228' title='bbox 236 1476 350 1508; x_wconf 83' lang='lat' dir='ltr'>turam</span> <span class='ocrx_word' id='word_1_229' title='bbox 389 1474 443 1508; x_wconf 86' lang='lat' dir='ltr'>sat</span> <span class='ocrx_word' id='word_1_230' title='bbox 480 1475 595 1508; x_wconf 90' lang='lat' dir='ltr'>notam</span> <span class='ocrx_word' id='word_1_231' title='bbox 635 1483 713 1508; x_wconf 90' lang='lat' dir='ltr'>cum</span> <span class='ocrx_word' id='word_1_232' title='bbox 750 1476 830 1519; x_wconf 86' lang='lat' dir='ltr'>apte</span> <span class='ocrx_word' id='word_1_233' title='bbox 860 1473 930 1508; x_wconf 88' lang='lat' dir='ltr'>iam</span> <span class='ocrx_word' id='word_1_234' title='bbox 955 1471 1246 1517; x_wconf 86' lang='lat' dir='ltr'>Naegelsbachius</span> <span class='ocrx_word' id='word_1_235' title='bbox 1273 1472 1326 1508; x_wconf 92' lang='lat' dir='ltr'>vir</span> <span class='ocrx_word' id='word_1_236' title='bbox 1358 1472 1478 1508; x_wconf 90' lang='lat' dir='ltr'>doctus</span> <span class='ocrx_word' id='word_1_237' title='bbox 1511 1472 1545 1507; x_wconf 92' lang='lat' dir='ltr'>in</span> <span class='ocrx_word' id='word_1_238' title='bbox 1571 1471 1595 1507; x_wconf 93' lang='lat' dir='ltr'>l.</span> <span class='ocrx_word' id='word_1_239' title='bbox 1613 1471 1635 1507; x_wconf 95' lang='lat' dir='ltr'>l.</span> 
     </span>
     <span class='ocr_line' id='line_1_25' title="bbox 235 1529 1638 1577; baseline -0.001 -11"><span class='ocrx_word' id='word_1_240' title='bbox 235 1530 256 1576; x_wconf 67' lang='grc' dir='ltr'><strong>ξ</strong></span> <span class='ocrx_word' id='word_1_241' title='bbox 281 1532 342 1576; x_wconf 86' lang='grc'>73,</span> <span class='ocrx_word' id='word_1_242' title='bbox 367 1532 388 1566; x_wconf 87' lang='grc'>2</span> <span class='ocrx_word' id='word_1_243' title='bbox 415 1533 494 1577; x_wconf 85' lang='lat' dir='ltr'>post</span> <span class='ocrx_word' id='word_1_244' title='bbox 519 1530 604 1566; x_wconf 82' lang='lat' dir='ltr'>alios</span> <span class='ocrx_word' id='word_1_245' title='bbox 630 1531 847 1577; x_wconf 86' lang='lat' dir='ltr'>exposuerit,</span> <span class='ocrx_word' id='word_1_246' title='bbox 872 1531 1079 1575; x_wconf 86' lang='lat' dir='ltr'>gravissima</span> <span class='ocrx_word' id='word_1_247' title='bbox 1104 1534 1220 1566; x_wconf 85' lang='lat' dir='ltr'>tamen</span> <span class='ocrx_word' id='word_1_248' title='bbox 1247 1530 1405 1576; x_wconf 85' lang='lat' dir='ltr'>exempla</span> <span class='ocrx_word' id='word_1_249' title='bbox 1430 1529 1638 1566; x_wconf 83' lang='lat' dir='ltr'>Lucretiana</span> 
     </span>
     <span class='ocr_line' id='line_1_26' title="bbox 235 1589 1638 1636; baseline 0 -11"><span class='ocrx_word' id='word_1_250' title='bbox 235 1589 291 1626; x_wconf 88' lang='lat' dir='ltr'>hic</span> <span class='ocrx_word' id='word_1_251' title='bbox 317 1589 512 1626; x_wconf 89' lang='lat' dir='ltr'>enumerari</span> <span class='ocrx_word' id='word_1_252' title='bbox 537 1589 682 1625; x_wconf 85' lang='lat' dir='ltr'>fortasse</span> <span class='ocrx_word' id='word_1_253' title='bbox 708 1600 776 1625; x_wconf 93' lang='lat' dir='ltr'>non</span> <span class='ocrx_word' id='word_1_254' title='bbox 803 1589 926 1625; x_wconf 89' lang='lat' dir='ltr'>inutile</span> <span class='ocrx_word' id='word_1_255' title='bbox 952 1590 1030 1635; x_wconf 88' lang='lat' dir='ltr'>erit,</span> <span class='ocrx_word' id='word_1_256' title='bbox 1056 1589 1260 1636; x_wconf 88' lang='lat' dir='ltr'>praesertim</span> <span class='ocrx_word' id='word_1_257' title='bbox 1279 1600 1356 1625; x_wconf 91' lang='lat' dir='ltr'>cum</span> <span class='ocrx_word' id='word_1_258' title='bbox 1375 1600 1496 1625; x_wconf 87' lang='lat' dir='ltr'>verear</span> <span class='ocrx_word' id='word_1_259' title='bbox 1512 1600 1555 1625; x_wconf 91' lang='lat' dir='ltr'>ne</span> <span class='ocrx_word' id='word_1_260' title='bbox 1572 1589 1638 1625; x_wconf 89' lang='lat' dir='ltr'>viri</span> 
     </span>
     <span class='ocr_line' id='line_1_27' title="bbox 237 1648 1637 1694; baseline 0 -11"><span class='ocrx_word' id='word_1_261' title='bbox 237 1648 329 1684; x_wconf 90' lang='lat' dir='ltr'>docti</span> <span class='ocrx_word' id='word_1_262' title='bbox 366 1659 435 1683; x_wconf 91' lang='lat' dir='ltr'>non</span> <span class='ocrx_word' id='word_1_263' title='bbox 468 1659 604 1694; x_wconf 86' lang='lat' dir='ltr'>semper</span> <span class='ocrx_word' id='word_1_264' title='bbox 635 1649 670 1683; x_wconf 91' lang='lat' dir='ltr'>in</span> <span class='ocrx_word' id='word_1_265' title='bbox 701 1648 866 1684; x_wconf 90' lang='lat' dir='ltr'>vertendo</span> <span class='ocrx_word' id='word_1_266' title='bbox 904 1648 949 1683; x_wconf 88' lang='lat' dir='ltr'>ad</span> <span class='ocrx_word' id='word_1_267' title='bbox 986 1648 1081 1683; x_wconf 81' lang='lat' dir='ltr'>illam</span> <span class='ocrx_word' id='word_1_268' title='bbox 1118 1648 1255 1693; x_wconf 86' lang='lat' dir='ltr'>linguae</span> <span class='ocrx_word' id='word_1_269' title='bbox 1284 1648 1429 1684; x_wconf 83' lang='lat' dir='ltr'>Latinae</span> <span class='ocrx_word' id='word_1_270' title='bbox 1461 1648 1637 1694; x_wconf 90' lang='lat' dir='ltr'>propriam</span> 
     </span>
     <span class='ocr_line' id='line_1_28' title="bbox 237 1706 1637 1751; baseline 0.001 -10"><span class='ocrx_word' id='word_1_271' title='bbox 237 1706 372 1742; x_wconf 91' lang='lat' dir='ltr'>dicendi</span> <span class='ocrx_word' id='word_1_272' title='bbox 409 1706 556 1742; x_wconf 90' lang='lat' dir='ltr'>formam</span> <span class='ocrx_word' id='word_1_273' title='bbox 592 1707 749 1742; x_wconf 77' lang='lat' dir='ltr'>&#39;animum</span> <span class='ocrx_word' id='word_1_274' title='bbox 788 1707 872 1742; x_wconf 88' lang='lat' dir='ltr'>satis</span> <span class='ocrx_word' id='word_1_275' title='bbox 905 1707 1124 1742; x_wconf 87' lang='lat' dir='ltr'>adverterint.</span> <span class='ocrx_word' id='word_1_276' title='bbox 1180 1706 1250 1742; x_wconf 91' lang='lat' dir='ltr'>Nos</span> <span class='ocrx_word' id='word_1_277' title='bbox 1282 1707 1371 1742; x_wconf 88' lang='lat' dir='ltr'>enim</span> <span class='ocrx_word' id='word_1_278' title='bbox 1403 1717 1542 1742; x_wconf 87' lang='lat' dir='ltr'>necesse</span> <span class='ocrx_word' id='word_1_279' title='bbox 1575 1709 1637 1751; x_wconf 88' lang='lat' dir='ltr'>est,</span> 
     </span>
     <span class='ocr_line' id='line_1_29' title="bbox 235 1763 1638 1812; baseline 0.001 -12"><span class='ocrx_word' id='word_1_280' title='bbox 235 1765 303 1801; x_wconf 92' lang='lat' dir='ltr'>nisi</span> <span class='ocrx_word' id='word_1_281' title='bbox 329 1764 420 1801; x_wconf 84' lang='lat' dir='ltr'>male</span> <span class='ocrx_word' id='word_1_282' title='bbox 445 1763 649 1801; x_wconf 88' lang='lat' dir='ltr'>Latinorum</span> <span class='ocrx_word' id='word_1_283' title='bbox 675 1775 806 1801; x_wconf 90' lang='lat' dir='ltr'>morem</span> <span class='ocrx_word' id='word_1_284' title='bbox 833 1764 963 1800; x_wconf 85' lang='lat' dir='ltr'>imitari</span> <span class='ocrx_word' id='word_1_285' title='bbox 989 1764 1146 1810; x_wconf 88' lang='lat' dir='ltr'>velimus,</span> <span class='ocrx_word' id='word_1_286' title='bbox 1176 1767 1235 1800; x_wconf 92' lang='lat' dir='ltr'>aut</span> <span class='ocrx_word' id='word_1_287' title='bbox 1261 1764 1428 1801; x_wconf 85' lang='lat' dir='ltr'>adiectivo</span> <span class='ocrx_word' id='word_1_288' title='bbox 1455 1768 1536 1812; x_wconf 84' lang='lat' dir='ltr'>apto</span> <span class='ocrx_word' id='word_1_289' title='bbox 1561 1770 1638 1801; x_wconf 85' lang='lat' dir='ltr'>uta-</span> 
     </span>
     <span class='ocr_line' id='line_1_30' title="bbox 236 1823 1638 1871; baseline 0.001 -12"><span class='ocrx_word' id='word_1_290' title='bbox 236 1835 315 1859; x_wconf 92' lang='lat' dir='ltr'>mur</span> <span class='ocrx_word' id='word_1_291' title='bbox 342 1824 435 1859; x_wconf 90' lang='lat' dir='ltr'>velut</span> <span class='ocrx_word' id='word_1_292' title='bbox 458 1824 495 1858; x_wconf 90' lang='lat' dir='ltr'>in</span> <span class='ocrx_word' id='word_1_293' title='bbox 522 1823 596 1858; x_wconf 91' lang='lat' dir='ltr'>his:</span> <span class='ocrx_word' id='word_1_294' title='bbox 621 1823 637 1858; x_wconf 96' lang='grc' dir='ltr'>Ι</span> <span class='ocrx_word' id='word_1_295' title='bbox 658 1824 726 1859; x_wconf 88' lang='grc'>148</span> <span class='ocrx_word' id='word_1_296' title='bbox 751 1831 899 1859; x_wconf 77' lang='lat' dir='ltr'>naturae</span> <span class='ocrx_word' id='word_1_297' title='bbox 930 1826 1057 1870; x_wconf 70' lang='lat' dir='ltr'>species</span> <span class='ocrx_word' id='word_1_298' title='bbox 1081 1826 1239 1871; x_wconf 77' lang='lat' dir='ltr'>ratioque</span> <span class='ocrx_word' id='word_1_299' title='bbox 1264 1824 1297 1859; x_wconf 88' lang='lat' dir='ltr'>h.</span> <span class='ocrx_word' id='word_1_300' title='bbox 1317 1836 1345 1860; x_wconf 90' lang='lat' dir='ltr'>e.</span> <span class='ocrx_word' id='word_1_301' title='bbox 1374 1824 1450 1860; x_wconf 90' lang='lat' dir='ltr'>eine</span> <span class='ocrx_word' id='word_1_302' title='bbox 1477 1825 1638 1860; x_wconf 74' lang='lat' dir='ltr'>vernuns-</span> 
     </span>
     <span class='ocr_line' id='line_1_31' title="bbox 236 1880 1639 1930; baseline 0 -12"><span class='ocrx_word' id='word_1_303' title='bbox 236 1882 308 1928; x_wconf 82' lang='lat' dir='ltr'>tige</span> <span class='ocrx_word' id='word_1_304' title='bbox 337 1881 689 1927; x_wconf 86' lang='lat' dir='ltr'>Naturbetrachtung,</span> <span class='ocrx_word' id='word_1_305' title='bbox 722 1880 738 1916; x_wconf 98' lang='lat' dir='ltr'>I</span> <span class='ocrx_word' id='word_1_306' title='bbox 763 1881 832 1917; x_wconf 89' lang='lat'>739</span> <span class='ocrx_word' id='word_1_307' title='bbox 863 1883 998 1929; x_wconf 74' lang='lat' dir='ltr'>tm&#39;podi</span> <span class='ocrx_word' id='word_1_308' title='bbox 1026 1896 1049 1918; x_wconf 85' lang='lat' dir='ltr'><strong><em>a</em></strong></span> <span class='ocrx_word' id='word_1_309' title='bbox 1073 1882 1204 1918; x_wconf 73' lang='lat' dir='ltr'>Phoebi</span> <span class='ocrx_word' id='word_1_310' title='bbox 1234 1884 1420 1930; x_wconf 82' lang='lat' dir='ltr'>lauroque.-</span> <span class='ocrx_word' id='word_1_311' title='bbox 1453 1893 1473 1918; x_wconf 89' lang='lat' dir='ltr'>a</span> <span class='ocrx_word' id='word_1_312' title='bbox 1503 1882 1639 1929; x_wconf 90' lang='lat' dir='ltr'>tripode</span> 
     </span>
     <span class='ocr_line' id='line_1_32' title="bbox 236 1940 1638 1991; baseline 0.001 -14"><span class='ocrx_word' id='word_1_313' title='bbox 236 1941 366 1978; x_wconf 84' lang='lat' dir='ltr'>Phoebi</span> <span class='ocrx_word' id='word_1_314' title='bbox 398 1941 570 1986; x_wconf 81' lang='lat' dir='ltr'>laureato,</span> <span class='ocrx_word' id='word_1_315' title='bbox 598 1940 626 1976; x_wconf 90' lang='lat' dir='ltr'>V</span> <span class='ocrx_word' id='word_1_316' title='bbox 646 1942 666 1977; x_wconf 87' lang='lat'>2</span> <span class='ocrx_word' id='word_1_317' title='bbox 694 1954 764 1988; x_wconf 79' lang='lat' dir='ltr'>pro</span> <span class='ocrx_word' id='word_1_318' title='bbox 797 1954 913 1977; x_wconf 81' lang='lat' dir='ltr'>rerum</span> <span class='ocrx_word' id='word_1_319' title='bbox 943 1944 1118 1978; x_wconf 67' lang='lat' dir='ltr'>maiestate</span> <span class='ocrx_word' id='word_1_320' title='bbox 1148 1943 1269 1990; x_wconf 73' lang='lat' dir='ltr'>hisque</span> <span class='ocrx_word' id='word_1_321' title='bbox 1297 1944 1461 1991; x_wconf 75' lang='lat' dir='ltr'>repertis:</span> <span class='ocrx_word' id='word_1_322' title='bbox 1494 1953 1558 1989; x_wconf 91' lang='lat' dir='ltr'>pro</span> <span class='ocrx_word' id='word_1_323' title='bbox 1584 1953 1638 1979; x_wconf 87' lang='lat' dir='ltr'>re-</span> 
     </span>
     <span class='ocr_line' id='line_1_33' title="bbox 236 1999 1639 2048; baseline 0 -12"><span class='ocrx_word' id='word_1_324' title='bbox 236 2003 336 2046; x_wconf 88' lang='lat' dir='ltr'>perta</span> <span class='ocrx_word' id='word_1_325' title='bbox 368 1999 492 2035; x_wconf 88' lang='lat' dir='ltr'>harum</span> <span class='ocrx_word' id='word_1_326' title='bbox 524 2010 639 2034; x_wconf 88' lang='lat' dir='ltr'>rerum</span> <span class='ocrx_word' id='word_1_327' title='bbox 673 2000 853 2036; x_wconf 87' lang='lat' dir='ltr'>maiestate</span> <span class='ocrx_word' id='word_1_328' title='bbox 878 1999 938 2046; x_wconf 83' lang='lat' dir='ltr'><strong>(cf.</strong></span> <span class='ocrx_word' id='word_1_329' title='bbox 956 2012 986 2035; x_wconf 91' lang='lat' dir='ltr'>v.</span> <span class='ocrx_word' id='word_1_330' title='bbox 1008 2001 1037 2036; x_wconf 90' lang='lat' dir='ltr'>V</span> <span class='ocrx_word' id='word_1_331' title='bbox 1057 2002 1107 2045; x_wconf 86' lang='lat'>7),</span> <span class='ocrx_word' id='word_1_332' title='bbox 1140 2001 1187 2036; x_wconf 95' lang='lat' dir='ltr'>III</span> <span class='ocrx_word' id='word_1_333' title='bbox 1211 2002 1280 2037; x_wconf 86' lang='lat'>766</span> <span class='ocrx_word' id='word_1_334' title='bbox 1306 2004 1414 2036; x_wconf 80' lang='lat' dir='ltr'>vitam</span> <span class='ocrx_word' id='word_1_335' title='bbox 1438 2014 1639 2048; x_wconf 72' lang='lat' dir='ltr'>semumque</span> 
     </span>
     <span class='ocr_line' id='line_1_34' title="bbox 233 2057 1639 2107; baseline 0.001 -13"><span class='ocrx_word' id='word_1_336' title='bbox 233 2060 409 2106; x_wconf 78' lang='lat' dir='ltr'>priorem:</span> <span class='ocrx_word' id='word_1_337' title='bbox 448 2057 597 2105; x_wconf 86' lang='lat' dir='ltr'>priorem</span> <span class='ocrx_word' id='word_1_338' title='bbox 633 2068 770 2094; x_wconf 88' lang='lat' dir='ltr'>sensum</span> <span class='ocrx_word' id='word_1_339' title='bbox 801 2058 940 2095; x_wconf 85' lang='lat' dir='ltr'>vitalem</span> <span class='ocrx_word' id='word_1_340' title='bbox 975 2058 1040 2103; x_wconf 88' lang='lat' dir='ltr'>(sic</span> <span class='ocrx_word' id='word_1_341' title='bbox 1069 2058 1100 2094; x_wconf 93' lang='grc' dir='ltr'>ΙΙ</span> <span class='ocrx_word' id='word_1_342' title='bbox 1123 2060 1195 2095; x_wconf 83' lang='grc'>890</span> <span class='ocrx_word' id='word_1_343' title='bbox 1225 2062 1259 2095; x_wconf 89' lang='lat' dir='ltr'>et</span> <span class='ocrx_word' id='word_1_344' title='bbox 1290 2059 1459 2107; x_wconf 85' lang='lat' dir='ltr'>saepius),</span> <span class='ocrx_word' id='word_1_345' title='bbox 1477 2059 1520 2104; x_wconf 14' lang='lat' dir='ltr'>,V</span> <span class='ocrx_word' id='word_1_346' title='bbox 1545 2060 1639 2096; x_wconf 88' lang='grc'>1140</span> 
     </span>
     <span class='ocr_line' id='line_1_35' title="bbox 234 2117 1639 2165; baseline 0.002 -14"><span class='ocrx_word' id='word_1_347' title='bbox 234 2119 423 2164; x_wconf 73' lang='lat' dir='ltr'>imperium</span> <span class='ocrx_word' id='word_1_348' title='bbox 450 2130 492 2152; x_wconf 82' lang='lat' dir='ltr'>ao</span> <span class='ocrx_word' id='word_1_349' title='bbox 517 2124 741 2152; x_wconf 71' lang='lat' dir='ltr'>summatum:</span> <span class='ocrx_word' id='word_1_350' title='bbox 773 2128 945 2153; x_wconf 89' lang='lat' dir='ltr'>summum</span> <span class='ocrx_word' id='word_1_351' title='bbox 971 2118 1175 2164; x_wconf 84' lang='lat' dir='ltr'>imperium,</span> <span class='ocrx_word' id='word_1_352' title='bbox 1201 2117 1232 2152; x_wconf 89' lang='lat' dir='ltr'><strong>V</strong></span> <span class='ocrx_word' id='word_1_353' title='bbox 1252 2118 1344 2154; x_wconf 87' lang='grc'>1283</span> <span class='ocrx_word' id='word_1_354' title='bbox 1365 2119 1513 2164; x_wconf 83' lang='lat' dir='ltr'>flamma</span> <span class='ocrx_word' id='word_1_355' title='bbox 1537 2126 1639 2165; x_wconf 82' lang='lat' dir='ltr'>atque</span> 
     </span>
     <span class='ocr_line' id='line_1_36' title="bbox 236 2173 1639 2223; baseline 0.001 -12"><span class='ocrx_word' id='word_1_356' title='bbox 236 2177 333 2223; x_wconf 69' lang='lat' dir='ltr'>iynes</span> <span class='ocrx_word' id='word_1_357' title='bbox 360 2175 450 2222; x_wconf 90' lang='lat' dir='ltr'>quod</span> <span class='ocrx_word' id='word_1_358' title='bbox 477 2185 540 2211; x_wconf 90' lang='lat' dir='ltr'>nos</span> <span class='ocrx_word' id='word_1_359' title='bbox 565 2174 711 2212; x_wconf 87' lang='lat' dir='ltr'>fortasse</span> <span class='ocrx_word' id='word_1_360' title='bbox 737 2178 910 2212; x_wconf 83' lang='lat' dir='ltr'>vertemus</span> <span class='ocrx_word' id='word_1_361' title='bbox 929 2174 1015 2212; x_wconf 39' lang='lat' dir='ltr'>‘dass</span> <span class='ocrx_word' id='word_1_362' title='bbox 1031 2175 1195 2212; x_wconf 89' lang='lat' dir='ltr'>lodernde</span> <span class='ocrx_word' id='word_1_363' title='bbox 1219 2173 1356 2222; x_wconf 89' lang='lat' dir='ltr'>Feuer’,</span> <span class='ocrx_word' id='word_1_364' title='bbox 1383 2175 1412 2212; x_wconf 88' lang='lat' dir='ltr'>V</span> <span class='ocrx_word' id='word_1_365' title='bbox 1435 2176 1526 2212; x_wconf 87' lang='lat'>1426</span> <span class='ocrx_word' id='word_1_366' title='bbox 1551 2184 1639 2213; x_wconf 70' lang='lat' dir='ltr'>veste</span> 
     </span>
     <span class='ocr_line' id='line_1_37' title="bbox 240 2234 1639 2283; baseline 0.001 -13"><span class='ocrx_word' id='word_1_367' title='bbox 240 2253 284 2259; x_wconf 88' lang='lat'><strong>—</strong></span> <span class='ocrx_word' id='word_1_368' title='bbox 311 2248 397 2270; x_wconf 85' lang='lat' dir='ltr'>auro</span> <span class='ocrx_word' id='word_1_369' title='bbox 432 2237 609 2282; x_wconf 69' lang='lat' dir='ltr'>siqnisque</span> <span class='ocrx_word' id='word_1_370' title='bbox 637 2235 831 2282; x_wconf 70' lang='lat' dir='ltr'>inqentibua</span> <span class='ocrx_word' id='word_1_371' title='bbox 862 2242 947 2283; x_wconf 78' lang='lat' dir='ltr'>apta</span> <span class='ocrx_word' id='word_1_372' title='bbox 979 2238 1013 2271; x_wconf 84' lang='lat' dir='ltr'>et</span> <span class='ocrx_word' id='word_1_373' title='bbox 1043 2235 1080 2270; x_wconf 87' lang='lat' dir='ltr'>in</span> <span class='ocrx_word' id='word_1_374' title='bbox 1109 2234 1212 2280; x_wconf 85' lang='lat' dir='ltr'>Verg.</span> <span class='ocrx_word' id='word_1_375' title='bbox 1243 2234 1330 2271; x_wconf 82' lang='lat' dir='ltr'>Aen.</span> <span class='ocrx_word' id='word_1_376' title='bbox 1363 2234 1379 2271; x_wconf 94' lang='grc' dir='ltr'>Ι</span> <span class='ocrx_word' id='word_1_377' title='bbox 1405 2236 1475 2272; x_wconf 89' lang='grc'>648</span> <span class='ocrx_word' id='word_1_378' title='bbox 1504 2237 1639 2283; x_wconf 81' lang='lat' dir='ltr'>pallam</span> 
     </span>
     <span class='ocr_line' id='line_1_38' title="bbox 239 2292 1638 2341; baseline 0.002 -14"><span class='ocrx_word' id='word_1_379' title='bbox 239 2294 348 2340; x_wconf 67' lang='lat' dir='ltr'>siquis</span> <span class='ocrx_word' id='word_1_380' title='bbox 374 2306 530 2341; x_wconf 81' lang='lat' dir='ltr'>auroque</span> <span class='ocrx_word' id='word_1_381' title='bbox 555 2295 741 2341; x_wconf 75' lang='lat' dir='ltr'>riqentem:</span> <span class='ocrx_word' id='word_1_382' title='bbox 768 2294 877 2339; x_wconf 85' lang='lat' dir='ltr'>signis</span> <span class='ocrx_word' id='word_1_383' title='bbox 904 2304 986 2329; x_wconf 89' lang='lat' dir='ltr'>auro</span> <span class='ocrx_word' id='word_1_384' title='bbox 1012 2293 1114 2339; x_wconf 90' lang='lat' dir='ltr'>pictis</span> <span class='ocrx_word' id='word_1_385' title='bbox 1142 2292 1198 2337; x_wconf 87' lang='lat' dir='ltr'>(cf.</span> <span class='ocrx_word' id='word_1_386' title='bbox 1217 2295 1320 2329; x_wconf 87' lang='lat' dir='ltr'>antea</span> <span class='ocrx_word' id='word_1_387' title='bbox 1344 2293 1380 2328; x_wconf 92' lang='lat' dir='ltr'>in</span> <span class='ocrx_word' id='word_1_388' title='bbox 1403 2305 1436 2329; x_wconf 94' lang='lat' dir='ltr'>v.</span> <span class='ocrx_word' id='word_1_389' title='bbox 1458 2294 1548 2329; x_wconf 91' lang='grc'>1421</span> <span class='ocrx_word' id='word_1_390' title='bbox 1576 2308 1638 2330; x_wconf 80' lang='lat' dir='ltr'>au-</span> 
     </span>
     <span class='ocr_line' id='line_1_39' title="bbox 238 2351 1637 2403; baseline 0.004 -17"><span class='ocrx_word' id='word_1_391' title='bbox 238 2364 317 2387; x_wconf 80' lang='lat' dir='ltr'>rum</span> <span class='ocrx_word' id='word_1_392' title='bbox 341 2359 372 2388; x_wconf 81' lang='lat' dir='ltr'>et</span> <span class='ocrx_word' id='word_1_393' title='bbox 396 2352 593 2401; x_wconf 79' lang='lat' dir='ltr'>purpura);</span> <span class='ocrx_word' id='word_1_394' title='bbox 627 2355 686 2389; x_wconf 89' lang='lat' dir='ltr'>aut</span> <span class='ocrx_word' id='word_1_395' title='bbox 711 2352 870 2398; x_wconf 87' lang='lat' dir='ltr'>genetivo</span> <span class='ocrx_word' id='word_1_396' title='bbox 896 2352 1027 2388; x_wconf 88' lang='lat' dir='ltr'>utimur</span> <span class='ocrx_word' id='word_1_397' title='bbox 1052 2354 1092 2388; x_wconf 91' lang='lat' dir='ltr'>ut</span> <span class='ocrx_word' id='word_1_398' title='bbox 1115 2352 1151 2388; x_wconf 90' lang='lat' dir='ltr'>in</span> <span class='ocrx_word' id='word_1_399' title='bbox 1177 2362 1226 2388; x_wconf 85' lang='lat' dir='ltr'>vs.</span> <span class='ocrx_word' id='word_1_400' title='bbox 1253 2351 1268 2388; x_wconf 90' lang='grc' dir='ltr'>Ι</span> <span class='ocrx_word' id='word_1_401' title='bbox 1293 2352 1365 2388; x_wconf 88' lang='grc'>234</span> <span class='ocrx_word' id='word_1_402' title='bbox 1397 2354 1436 2388; x_wconf 81' lang='lat' dir='ltr'>in</span> <span class='ocrx_word' id='word_1_403' title='bbox 1461 2365 1498 2390; x_wconf 87' lang='lat' dir='ltr'>eo</span> <span class='ocrx_word' id='word_1_404' title='bbox 1524 2356 1637 2403; x_wconf 70' lang='lat' dir='ltr'>spatio</span> 
     </span>
     <span class='ocr_line' id='line_1_40' title="bbox 239 2411 1638 2457; baseline 0.003 -12"><span class='ocrx_word' id='word_1_405' title='bbox 239 2417 342 2457; x_wconf 81' lang='lat' dir='ltr'>atque</span> <span class='ocrx_word' id='word_1_406' title='bbox 367 2419 443 2447; x_wconf 78' lang='lat' dir='ltr'>ante</span> <span class='ocrx_word' id='word_1_407' title='bbox 468 2419 546 2448; x_wconf 78' lang='lat' dir='ltr'>acta</span> <span class='ocrx_word' id='word_1_408' title='bbox 570 2419 696 2448; x_wconf 80' lang='lat' dir='ltr'>aetate.-</span> <span class='ocrx_word' id='word_1_409' title='bbox 727 2412 765 2448; x_wconf 93' lang='lat' dir='ltr'>in</span> <span class='ocrx_word' id='word_1_410' title='bbox 791 2423 830 2448; x_wconf 91' lang='lat' dir='ltr'>eo</span> <span class='ocrx_word' id='word_1_411' title='bbox 857 2411 969 2457; x_wconf 85' lang='lat' dir='ltr'>spatio</span> <span class='ocrx_word' id='word_1_412' title='bbox 1002 2413 1180 2447; x_wconf 87' lang='lat' dir='ltr'>anteactae</span> <span class='ocrx_word' id='word_1_413' title='bbox 1213 2411 1355 2457; x_wconf 86' lang='lat' dir='ltr'>aetatis,</span> <span class='ocrx_word' id='word_1_414' title='bbox 1382 2412 1452 2448; x_wconf 87' lang='lat'>348</span> <span class='ocrx_word' id='word_1_415' title='bbox 1478 2414 1517 2448; x_wconf 78' lang='lat' dir='ltr'>in</span> <span class='ocrx_word' id='word_1_416' title='bbox 1541 2416 1638 2449; x_wconf 68' lang='lat' dir='ltr'>saxis</span> 
     </span>
     <span class='ocr_line' id='line_1_41' title="bbox 239 2468 1638 2516; baseline 0.002 -11"><span class='ocrx_word' id='word_1_417' title='bbox 239 2480 281 2504; x_wconf 82' lang='lat' dir='ltr'>ae</span> <span class='ocrx_word' id='word_1_418' title='bbox 311 2469 499 2515; x_wconf 66' lang='lat' dir='ltr'>speluncis:</span> <span class='ocrx_word' id='word_1_419' title='bbox 537 2471 574 2506; x_wconf 88' lang='lat' dir='ltr'>in</span> <span class='ocrx_word' id='word_1_420' title='bbox 606 2471 700 2506; x_wconf 84' lang='lat' dir='ltr'>saxis</span> <span class='ocrx_word' id='word_1_421' title='bbox 733 2470 975 2516; x_wconf 85' lang='lat' dir='ltr'>speluncarum</span> <span class='ocrx_word' id='word_1_422' title='bbox 1009 2469 1065 2513; x_wconf 83' lang='lat' dir='ltr'>(of.</span> <span class='ocrx_word' id='word_1_423' title='bbox 1091 2480 1123 2505; x_wconf 88' lang='lat' dir='ltr'>v.</span> <span class='ocrx_word' id='word_1_424' title='bbox 1149 2468 1196 2506; x_wconf 87' lang='lat' dir='ltr'>VI</span> <span class='ocrx_word' id='word_1_425' title='bbox 1219 2468 1324 2516; x_wconf 87' lang='lat'>942),</span> <span class='ocrx_word' id='word_1_426' title='bbox 1355 2469 1386 2506; x_wconf 91' lang='lat'>11</span> <span class='ocrx_word' id='word_1_427' title='bbox 1409 2471 1479 2507; x_wconf 88' lang='lat'>273</span> <span class='ocrx_word' id='word_1_428' title='bbox 1504 2472 1638 2508; x_wconf 61' lang='lat' dir='ltr'>veribus</span> 
     </span>
    </p>
   </div>
  </div>
 </body>
</html>
