1835 2765
890 40 912 74 5

195 140 287 173 recte
320 138 369 173 ait
401 137 542 183 Munro,
581 137 638 183 qui
677 139 794 172 monet
827 136 931 172 etiam
963 135 1066 182 paulo
1098 138 1177 171 ante
1209 135 1257 179 (in
1290 148 1321 170 v.
1346 136 1430 179 973)
1466 138 1602 182 poetam

195 197 309 233 dicere
336 199 523 246 prohibere
549 218 594 223 —
622 197 842 244 obstareque,
877 196 918 232 cf.
947 195 993 231 IV
1022 196 1112 231 1261
1144 196 1304 243 prohibet
1335 216 1379 221 -
1414 203 1518 244 atque
1547 208 1601 231 re-

190 264 338 306 puqnat,
359 257 546 303 eodemque
564 256 699 292 dicendi
718 266 843 300 genere
863 255 914 290 bis
932 255 1115 290 coniuncta
1133 255 1288 290 videmus
1307 263 1426 291 contra
1441 268 1603 303 puqnare

194 320 229 352 et
254 318 390 353 obstare
417 316 447 352 ΙΙ
475 317 546 352 280
573 319 607 351 et
632 315 662 350 II
692 316 779 358 794ς
811 325 891 350 nam
918 315 953 349 in
981 326 1082 350 versu
1112 315 1182 350 780
1207 314 1286 349 libri
1312 314 1326 349 Ι
1352 314 1456 350 verba
1482 322 1602 351 contra

190 383 321 424 puqnet
351 383 383 411 et
414 376 522 411 obstet
551 374 745 420 separanda
776 373 937 409 videntur
970 375 1019 408 ita
1051 377 1088 408 ut
1119 380 1240 409 contra
1265 381 1399 420 puynet
1429 374 1473 409 ad
1500 385 1600 420 prae·

192 435 350 470 cedentia
375 434 563 480 pertineat,
596 444 714 469 versus
742 436 856 468 autem
885 433 943 479 qui
970 433 1126 479 sequitur
1158 432 1200 468 ab
1232 432 1390 468 obstandi
1422 444 1502 468 voce
1528 433 1601 468 sola

193 493 396 539 dependeat.
449 492 534 528 Item
562 503 628 527 non
658 492 760 539 plane
786 496 917 528 certum
946 492 1029 528 mihi
1056 495 1125 537 est,
1152 495 1268 527 utrum
1297 492 1412 527 verbis
1439 502 1599 527 versuum

193 550 324 599 867l68
357 551 436 587 libri
475 551 618 587 alterius
658 555 827 588 commate
861 555 939 599 pos't
970 552 1127 599 refutant
1164 551 1291 587 omisso
1333 562 1400 586 una
1434 551 1601 586 formetur

193 612 403 656 enuntiatio,
433 611 467 646 in
496 622 564 657 qua
587 612 744 657 refutant
766 625 828 647 nec
854 619 975 647 contra
998 619 1159 659 puynant
1185 611 1304 647 eadem
1332 611 1404 646 fere
1432 611 1602 646 sententia

191 670 406 716 copulentur,
433 681 475 704 an
504 674 673 706 commate
700 671 812 716 posito
840 671 906 705 duo
933 670 1119 706 habeamus
1138 671 1290 706 eiusdem
1314 670 1387 705 fere
1406 670 1601 714 argumenti

191 729 378 764 enuntiata.
423 727 510 763 Nam
538 740 581 764 ne
608 729 672 763 hoc
699 728 835 774 quidem
857 740 876 763 a
902 732 1025 774 poetae
1052 729 1243 764 elocutione
1270 729 1423 764 alienum
1451 732 1515 772 est,
1542 728 1599 773 qui

191 787 328 835 saepius
367 788 471 824 etiam
506 787 675 835 simplicis
710 791 743 823 et
773 787 869 834 plani
901 788 1095 833 argumenti
1135 789 1322 824 sententias
1363 788 1414 823 bis
1449 788 1600 823 variatas

190 848 371 894 exprimit3
399 847 557 883 conferas
581 859 706 893 quaeso
733 847 746 883 l
775 845 894 893 70516,
922 847 952 883 ΙΙ
978 845 1124 894 581182,
1151 847 1180 882 ll
1208 845 1352 894 886187,
1379 847 1424 883 ΙΙΙ
1451 845 1598 894 524125,

191 906 235 941 IV
268 903 418 953 775176,
463 906 509 942 IV
549 904 692 952 820121.
732 929 780 934 -—
821 905 928 941 Porro
968 911 1088 942 extant
1126 907 1391 953 praepositionis
1430 908 1598 953 repetitae

189 966 349 1012 exempla
380 965 426 1000 ΙΙΙ
453 967 521 1002 961
556 968 709 1013 increpet
738 966 922 1013 incitetque
955 966 1046 1009 (vide
1077 965 1189 1001 Lucili
1226 977 1255 1000 v.
1278 967 1347 1001 876
1376 965 1427 1000 ed.
1457 965 1595 1001 Lachm.

188 1025 338 1059 incilans
363 1037 427 1059 nos
454 1026 563 1059 laedis
590 1036 608 1059 e
634 1024 746 1059 Nonio
774 1025 931 1070 petitum,
959 1025 1018 1070 qui
1045 1025 1143 1059 dicit:
1171 1026 1318 1059 incilare
1344 1032 1393 1059 est
1418 1027 1599 1071 increpare

188 1084 242 1118 vel
265 1081 487 1130 inprobare),
520 1082 566 1118 IV
598 1085 687 1118 1141
716 1084 907 1131 implicitus
939 1103 978 1106 —
1006 1085 1112 1130 inque
1134 1085 1293 1130 peditus,
1322 1083 1367 1118 VI
1397 1084 1490 1119 1025
1515 1096 1599 1129 pro-

187 1143 287 1177 vehat
303 1149 406 1188 atque
421 1143 610 1189 propellat,
638 1142 666 1177 II
688 1143 781 1177 1138
800 1143 955 1178 suboriri
975 1156 1017 1177 ac
1034 1144 1269 1189 suppeditare,
1298 1142 1444 1187 denique
1462 1141 1508 1177 VI
1527 1143 1598 1178 543

187 1201 241 1235 Itis
268 1220 313 1224 —-
341 1200 442 1235 rebus
468 1200 658 1235 subiunctis
684 1202 955 1247 suppositisque,
985 1200 1109 1245 quibus
1137 1212 1177 1235 ea
1202 1201 1350 1244 adiungo
1370 1201 1427 1235 ubi
1446 1200 1599 1246 syllabae

187 1261 263 1303 dis,
296 1273 346 1305 re,
373 1273 407 1296 se
428 1260 651 1307 praepositae
678 1264 897 1307 repetuntur:
926 1259 955 1296 11
983 1261 1054 1296 953
1081 1261 1250 1296 discutere
1279 1273 1320 1296 ac
1345 1260 1530 1296 dissolvere
1556 1260 1597 1295 cf.

188 1318 202 1352 I
235 1318 306 1353 559
350 1319 550 1354 disturbans
595 1320 872 1366 dissoluensque,
926 1319 939 1354 l
974 1321 1044 1355 651
1093 1322 1244 1355 disiectis
1287 1322 1409 1367 disque
1451 1322 1597 1367 supatis,

188 1376 234 1411 ΙΙΙ
261 1373 391 1423 636137
422 1376 565 1422 (anima)
593 1378 776 1425 dispertita
806 1397 848 1401 —-
877 1385 909 1413 et
934 1379 1082 1413 discissa
1103 1397 1149 1402 —
1169 1380 1367 1413 dissicietur
1394 1378 1597 1423 quibuscum

190 1435 322 1470 utiliter
348 1436 565 1481 comparabis
592 1436 750 1471 Caesaris
776 1437 881 1472 verba
907 1437 941 1471 in
970 1437 1059 1472 bello
1086 1436 1219 1473 Gallico
1248 1437 1276 1471 V
1303 1438 1349 1473 58
1377 1438 1531 1485 dispersi
1556 1451 1597 1473 ac

188 1495 353 1541 dissipati
378 1496 568 1538 discedunt,
597 1495 679 1529 item
708 1494 736 1528 V
763 1496 835 1530 360
861 1497 1032 1530 discedere
1058 1497 1290 1542 dissoluique;
1317 1508 1395 1530 nam
1423 1498 1597 1531 discedere

187 1557 240 1589 est
265 1555 303 1589 in
323 1561 446 1602 partes
472 1567 553 1589 suas
587 1555 761 1590 discedere
794 1553 847 1590 vel
878 1555 1022 1590 dissolvi
1059 1557 1097 1589 ut
1135 1554 1171 1590 in
1210 1554 1290 1590 libri
1318 1554 1363 1590 III
1396 1566 1498 1590 versu
1524 1556 1596 1591 400

187 1612 332 1658 (anima)
351 1615 497 1648 discedit
513 1616 551 1648 in
569 1627 688 1657 auras,
709 1615 820 1649 435—
834 1615 879 1649 38
892 1614 1048 1660 diffluere
1062 1634 1107 1639 -—
1127 1616 1302 1650 discedere
1316 1635 1362 1638 —
1380 1616 1535 1661 diffundi
1548 1634 1591 1639 —

186 1673 333 1707 dissolvi
365 1683 451 1718 quae
478 1673 595 1707 omnia
620 1672 711 1708 idem
738 1672 810 1708 fere
842 1671 1051 1717 significant,
1084 1672 1115 1707 ΙΙ
1143 1674 1212 1708 833
1241 1674 1454 1719 (priusquam
1484 1673 1593 1719 parti-

188 1729 301 1776 culae)
328 1733 509 1767 discedant
534 1733 582 1767 ad
606 1734 737 1768 semina
762 1746 896 1775 rerum5
923 1735 1031 1768 restat
1056 1731 1100 1767 VI
1120 1730 1225 1779 21516
1253 1740 1371 1768 ventus
1390 1752 1434 1757 —
1453 1730 1593 1779 (nubes)

185 1791 321 1825 diducit
346 1810 392 1814 —
419 1792 673 1838 Dissoluitque.
727 1791 867 1838 Syllaba
896 1805 934 1827 re
970 1792 1094 1827 deinde
1124 1793 1291 1838 repetitur
1318 1792 1363 1827 IV
1391 1790 1518 1838 320121
1555 1792 1590 1826 in

184 1849 297 1885 verbis
328 1850 457 1895 referri
481 1851 535 1885 Ac
564 1852 717 1894 resilire,
759 1850 894 1897 syllaba
924 1865 959 1886 se
991 1852 1137 1896 denique
1171 1851 1184 1886 l
1210 1852 1282 1887 452
1322 1853 1459 1898 seiunyi
1490 1864 1591 1898 seque

180 1911 333 1956 qreqari‚
361 1908 392 1944 II
419 1910 489 1945 648
516 1917 645 1944 semota
673 1930 716 1934 -—
744 1912 966 1957 seiunctaque
992 1911 1102 1958 Zonqe,
1131 1911 1212 1946 item
1241 1910 1271 1946 Il
1298 1912 1369 1947 473
1395 1911 1593 1946 secernendi

183 1981 403 2016 seorsumque
428 1970 587 2012 videndi,
617 1979 826 2014 quamquam
860 1970 902 2005 de
933 1969 996 2005 hoe
1025 1970 1101 2005 loco
1132 1969 1198 2005 viri
1229 1969 1320 2006 docti
1354 1981 1418 2004 non
1450 1980 1591 2005 consen-

183 2029 284 2063 tiunt.
337 2027 421 2063 Cum
466 2028 556 2062 enim
602 2039 721 2062 versus
759 2029 941 2064 474—77
981 2029 1016 2064 in
1061 2040 1100 2064 eo
1145 2040 1211 2075 quo
1242 2029 1277 2063 in
1316 2029 1411 2063 libris
1451 2029 1590 2074 scriptis

183 2087 403 2122 continentur
429 2097 561 2121 conexu
587 2085 810 2121 Lachmanno
842 2098 909 2121 non
942 2087 1076 2123 ferendi
1103 2088 1315 2131 viderentur,
1352 2087 1404 2121 vir
1431 2087 1591 2123 doctissi-

183 2156 259 2181 mus
287 2156 424 2182 versum
453 2146 581 2193 linquit
606 2147 697 2181 enim
722 2148 808 2191 etqs.
837 2156 856 2179 a
882 2156 984 2180 versu
1011 2147 1082 2181 477
1112 2149 1368 2190 segregaverat,
1396 2156 1465 2191 qua
1490 2146 1526 2181 in
1554 2158 1590 2181 re

182 2204 392 2251 Bernaysius
420 2215 498 2240 eum
526 2209 662 2240 secutus
689 2207 750 2240 est.
792 2203 859 2240 Sed
884 2204 953 2239 iam
981 2204 1017 2239 in
1044 2205 1103 2240 illo
1130 2215 1227 2251 quem
1248 2203 1491 2240 Lachmannus
1509 2216 1590 2241 con-

183 2264 297 2300 stituit
323 2264 443 2299 ordine
469 2275 546 2299 mea
573 2264 710 2309 quidem
739 2263 909 2299 sententia
931 2263 974 2298 de
992 2264 1191 2309 primordiis
1210 2264 1354 2309 asperis,
1382 2276 1471 2310 quae
1489 2268 1589 2300 antea

182 2323 282 2360 facile
322 2323 627 2372 intellegebantur,
667 2323 839 2359 difficilius
871 2322 1058 2368 cogitatur,
1099 2324 1165 2358 nisi
1204 2323 1291 2358 forte
1330 2323 1588 2371 interpretaris:

184 2393 405 2428 quaecunque
432 2393 556 2428 aspera
582 2386 673 2418 sunt.
725 2382 799 2418 Hoc
825 2386 938 2417 autem
966 2383 1219 2418 eoncedendum
1251 2388 1323 2428 est,
1356 2384 1488 2419 duobus
1518 2384 1588 2419 illis

185 2441 340 2477 versibus
367 2441 409 2476 ad
435 2452 538 2476 unam
566 2441 771 2477 sententiam
799 2440 989 2476 coniunctis
1017 2441 1121 2476 verba
1148 2454 1214 2488 quo
1240 2444 1353 2488 maqis
1378 2444 1514 2490 possint
1539 2443 1589 2477 sic
