1835 2765
899 75 946 118 80

216 185 350 213 coortae
374 172 431 213 De
456 186 548 214 tem-a
574 186 733 226 suryunt.
778 178 898 225 Itaque
925 179 954 214 si
981 178 1066 213 nihil
1093 178 1198 223 aliud,
1226 178 1392 213 orationis
1414 179 1626 215 abundantia

216 248 282 272 non
301 237 478 284 impediet,
505 248 572 284 quo
590 239 705 274 minus
721 238 825 274 etiam
845 240 878 274 in
900 250 929 274 v.
950 238 995 273 V1
1015 238 1085 273 909
1104 237 1284 274 lectionem
1305 237 1458 273 codicum
1480 239 1625 285 Mayne-

215 304 287 333 tum
319 299 403 344 quia
423 299 469 342 fit
495 300 627 345 patriis
653 301 690 334 in
710 299 846 347 finibus
873 306 987 342 ortus,
1022 298 1057 333 in
1084 309 1152 344 qua
1178 297 1420 333 Lachmaunus
1447 304 1525 333 ortu
1551 308 1626 333 eor-

215 359 370 401 rexerat,
410 367 486 391 cum
518 356 687 393 Munrone
720 357 867 404 aliisque
897 358 982 394 viris
1013 357 1122 393 doctis
1154 357 1323 401 integram
1359 367 1546 392 servemus.
1580 376 1625 381 —

215 415 336 451 Restat
362 419 400 451 ut
426 416 591 452 nonnulla
618 417 729 453 dicam
757 416 799 452 de
826 428 926 452 versu
954 417 1000 452 92
1027 416 1106 452 libri
1134 416 1237 463 primi
1263 423 1359 451 wzuta
1384 423 1474 451 metu
1499 423 1628 451 terram

213 476 358 522 genibus
385 477 555 512 submissa
580 477 725 523 petebat.
768 476 958 523 Iphigenia,
987 487 1073 522 quae
1101 479 1194 512 metu
1220 476 1313 523 loqui
1341 478 1374 511 et
1399 476 1558 523 precibus
1576 475 1627 511 uti

215 540 379 581 nequeat,
411 535 553 580 genibus
585 535 684 570 flexis
718 535 992 570 misericordiam
1027 536 1243 571 sacerdotum
1277 538 1479 571 commovet.
1533 535 1628 571 Sub-

216 597 308 631 mitti
339 596 444 640 igitur
476 598 509 630 et
539 602 667 630 terram
700 602 815 641 petere
847 598 1032 640 utrumque
1059 594 1100 630 de
1127 594 1275 641 supplici
1303 595 1429 631 dictum
1458 597 1492 630 et
1518 594 1627 641 parti-

217 655 344 700 cipium
372 654 540 689 submissa
567 664 643 688 cum
664 653 818 699 prolepsi
839 654 987 699 positum
1009 665 1083 689 esse
1102 657 1260 700 apparet.
1304 654 1401 696 Quod
1420 665 1502 689 vero
1520 653 1628 689 inter-

218 716 333 759 pretes
360 712 546 747 ablativum
571 713 717 759 yenibus
744 723 821 747 cum
850 713 1034 759 participio
1063 712 1135 747 solo
1154 713 1379 758 coniungunt,
1406 716 1440 748 et
1458 713 1629 748 sententia

218 771 341 806 clarior
359 771 496 806 exsistit
514 770 572 805 illo
588 772 734 819 yenibus
754 771 796 806 ad
816 774 1000 817 utrumque
1020 771 1161 807 verbum
1182 771 1291 807 relato
1310 775 1345 808 et
1364 776 1455 807 recte
1475 772 1537 807 hoc
1554 771 1629 807 fieri

218 830 318 865 docet
344 830 558 876 comparatio
586 841 705 865 versus
733 830 902 865 simillimi
928 832 960 864 V
982 832 1075 867 1329
1097 831 1247 878 pedibus
1273 838 1389 867 ventos
1412 839 1522 868 erecta
1535 838 1629 879 pete-

218 889 300 924 bant
327 888 520 933 (iumenta).

317 948 384 984 Sed
412 949 444 984 in
473 948 633 984 omnibus
661 949 714 984 his
741 949 910 995 exemplis
938 949 1158 996 participium
1189 949 1290 985 verbo
1317 949 1538 985 intransitivo
1571 952 1631 985 aut

218 1009 357 1054 passivo
384 1009 582 1054 appositum
612 1009 653 1044 ad
682 1009 873 1044 subiectum
902 1009 1033 1044 scilicet
1059 1009 1289 1044 revocandum
1317 1013 1399 1044 erat.
1453 1008 1541 1044 Sunt
1568 1020 1629 1044 au-

218 1071 286 1101 tem
316 1067 375 1102 alii
403 1067 556 1102 eiusdem
586 1068 751 1102 orationis
778 1067 945 1102 ubertatis
964 1067 1040 1112 loci,
1069 1068 1103 1102 in
1131 1067 1254 1112 quibus
1272 1068 1384 1103 activo
1403 1068 1497 1103 verbi
1516 1069 1631 1103 trans-

218 1126 295 1160 itivi
328 1125 484 1161 additum
518 1126 561 1160 ad
595 1126 763 1161 obiectum
793 1126 962 1160 enuntiati
989 1126 1150 1171 pertinet.
1196 1125 1269 1161 Hoc
1294 1125 1334 1160 fit
1360 1125 1508 1161 dilucide
1535 1130 1569 1161 et
1594 1126 1631 1161 in

220 1184 274 1219 his
309 1184 387 1219 libri
424 1185 564 1219 alterius
603 1185 774 1219 versibus:
814 1184 844 1219 ΙΙ
872 1181 1005 1227 412l13
1038 1182 1156 1230 (mele)
1181 1198 1251 1231 per
1290 1186 1436 1220 chordas
1473 1187 1633 1232 orqanici

222 1256 311 1289 quae
337 1262 383 1266 -—
410 1243 831 1290 experqqfactafiqurant‚
861 1243 977 1278 11561
1005 1243 1223 1289 (primordia)
1248 1244 1415 1278 debebunt
1438 1257 1565 1291 sparsa
1585 1264 1628 1269 --

222 1303 403 1337 disiectare
441 1308 553 1336 aestus
593 1303 723 1336 diversi
760 1303 924 1336 materiai
954 1305 988 1337 et
1020 1305 1101 1337 sunt
1130 1302 1166 1336 in
1199 1303 1324 1337 ceteris
1357 1302 1453 1338 libris
1485 1303 1630 1338 rationis

222 1360 315 1396 illius
342 1360 505 1396 nonnulla
531 1364 564 1396 et
590 1364 684 1396 certa
711 1360 885 1407 exempla:
916 1360 960 1395 VI
979 1361 1050 1395 212
1070 1359 1206 1406 (nubes)
1233 1374 1395 1409 expressa
1407 1362 1633 1410 profundunt

224 1420 366 1456 Semina
406 1419 436 1454 h.
465 1431 494 1454 e.
534 1422 734 1467 exprimunt
766 1427 797 1455 et
828 1420 1069 1467 profundunt,
1109 1419 1154 1455 VI
1190 1418 1322 1466 627s28
1354 1423 1458 1456 docui
1487 1422 1632 1457 multum

222 1500 268 1504 -
300 1480 416 1514 tollere
446 1480 553 1514 ‘nubea
584 1493 738 1514 umorem
770 1500 815 1504 ——
848 1487 1048 1526 conceptum
1079 1493 1121 1515 eac
1150 1492 1299 1526 aequore
1326 1482 1448 1527 ponti,
1482 1481 1563 1515 item
1596 1480 1631 1515 in

221 1537 298 1572 libr.
326 1537 353 1571 V
381 1549 411 1571 v.
444 1539 536 1573 1048
563 1540 737 1584 victosque
763 1540 905 1573 domare
931 1542 965 1573 et
991 1539 1025 1572 in
1054 1538 1208 1573 eiusdem
1234 1538 1313 1573 libri
1341 1550 1441 1573 versu
1466 1539 1536 1574 693
1556 1539 1633 1573 loca

221 1598 309 1632 caeli
335 1597 463 1632 Omnia
489 1598 669 1644 dispositis
695 1599 805 1644 siquis
832 1604 958 1632 ornata
982 1604 1150 1632 notarunt
1174 1596 1233 1632 ubi
1252 1596 1442 1632 similitudo
1463 1596 1631 1642 quaedam

220 1656 296 1691 soni
339 1656 374 1691 in
413 1656 526 1691 verbis
567 1664 691 1692 ornata
731 1662 763 1692 et
800 1664 967 1692 notarunt
1010 1656 1157 1691 fortasse
1195 1659 1288 1691 recte
1327 1656 1630 1692 animadvertetur.

220 1714 361 1750 Eminet
386 1718 501 1750 autem
529 1715 770 1750 alliterationis
799 1715 884 1749 illud
911 1715 1061 1750 studium
1090 1715 1125 1749 in
1153 1715 1265 1750 verbis
1294 1726 1323 1749 v.
1348 1714 1394 1750 IV
1412 1716 1481 1751 297
1510 1716 1631 1751 elisam

229 1794 266 1798 —
303 1787 373 1809 sese
412 1776 587 1821 eaeprz'mat
617 1785 729 1820 neque
761 1774 877 1809 minus
909 1774 944 1808 in
977 1785 1007 1808 v.
1043 1773 1088 1808 VI
1111 1774 1157 1809 53
1190 1774 1437 1821 depressosque
1466 1772 1632 1820 (animos)

215 1840 383 1880 premunt
414 1835 462 1869 ad
492 1841 639 1878 terram,
673 1833 732 1869 ubi
766 1833 946 1868 verborum
981 1832 1141 1868 societate
1175 1835 1276 1879 poeta
1308 1844 1380 1869 rem
1413 1833 1525 1879 ipsam
1558 1833 1632 1869 sine

221 1891 324 1926 dubio
352 1891 523 1927 efficacius
550 1892 708 1937 depingit
734 1895 769 1926 et
795 1892 869 1926 soni
895 1892 1122 1927 similitudine
1148 1903 1267 1927 versus
1295 1892 1449 1927 ornatior
1474 1891 1523 1927 fit.
1568 1892 1631 1928 Ce-

220 1954 333 1986 terum
360 1950 446 1986 illud
474 1951 559 1986 bene
587 1949 709 1985 Mum-o
737 1950 792 1986 hic
819 1950 1064 1986 animadvertit
1081 1962 1149 1986 non
1178 1950 1288 1986 solum
1307 1950 1498 1986 formarum
1519 1951 1631 1987 varie—

221 2013 291 2045 tate
319 2010 544 2054 tautologiam
574 2010 685 2044 minus
713 2010 834 2044 duram
861 2022 935 2045 esse
963 2010 1021 2045 sed
1050 2011 1152 2045 etiam
1182 2011 1251 2045 vim
1269 2010 1475 2046 tralaticiam
1496 2011 1531 2046 in
1552 2022 1632 2057 par—

221 2069 362 2116 ticipi0‚
391 2070 425 2104 in
455 2068 558 2105 verbo
585 2068 681 2104 finito
710 2069 886 2116 propriam
915 2069 1121 2104 sententiam
1150 2069 1260 2114 magis
1287 2069 1449 2105 eminere.
1502 2069 1633 2104 Tamen

223 2128 300 2163 aliis
327 2129 411 2164 haec
438 2129 619 2164 verborum
641 2128 849 2164 consociatio
868 2128 972 2164 nimis
992 2129 1150 2174 quaesita
1167 2128 1243 2164 iure
1261 2128 1435 2164 videbitur
1456 2130 1490 2163 et
1507 2126 1633 2164 Wake-

221 2186 343 2222 fieldus
377 2187 462 2222 talia
495 2188 530 2222 in
559 2188 802 2222 vetustioribus
829 2188 940 2233 poetis
966 2187 1108 2223 ferenda
1134 2188 1250 2233 potius
1277 2190 1380 2233 atque
1407 2186 1633 2222 condonanda

224 2256 325 2290 quam
352 2245 527 2281 laudanda
553 2249 587 2281 et
613 2246 780 2281 imitanda
807 2257 881 2281 esse
908 2249 1035 2281 censet.
1078 2245 1235 2291 Denique
1261 2248 1408 2291 apparet
1433 2244 1521 2280 hanc
1548 2256 1632 2291 quo-

225 2314 290 2349 que
331 2307 439 2340 totam
480 2305 655 2351 participii
693 2304 874 2351 proleptici
907 2304 1075 2340 rationem
1110 2305 1264 2350 quaesito
1298 2304 1412 2350 potius
1447 2307 1480 2339 et
1512 2307 1632 2340 ornato

225 2374 326 2408 quam
357 2364 507 2410 simplici
539 2368 573 2400 et
606 2376 693 2411 puro
728 2364 864 2400 dicendi
896 2364 1013 2409 generi
1049 2364 1233 2399 convenire
1267 2366 1369 2409 atque
1402 2363 1571 2410 poeticam
1599 2367 1634 2400 et

224 2421 431 2458 rhetoricam
459 2424 686 2460 elocutionem
715 2424 845 2471 optime
872 2423 1004 2459 decere.
1049 2423 1169 2469 Itaque
1187 2434 1256 2458 non
1275 2425 1327 2458 est
1345 2423 1484 2469 mirum,
1511 2427 1631 2470 poetas

225 2481 377 2517 maxime
404 2482 491 2518 hunc
517 2495 616 2519 usum
645 2484 834 2529 arripuisse
860 2494 972 2529 neque
991 2483 1099 2518 solum
1121 2482 1212 2529 apud
1230 2481 1428 2518 Lucretium
1448 2483 1507 2519 sed
1527 2484 1631 2518 etiam
