1835 2765
874 58 917 93 17

184 167 222 195 ut
242 160 303 205 fit,
343 159 405 195 ubi
434 159 506 194 nilo
532 161 605 194 iam
629 158 709 205 plus
737 165 785 192 est
811 158 905 204 quod
930 157 1034 191 datur
1059 159 1155 192 intra
1187 157 1312 193 Vitalis
1338 170 1461 201 venas,
1491 169 1596 203 quam

185 220 279 266 quod
306 220 390 265 fluit
427 225 529 265 atque
566 218 694 252 recedit
731 218 834 261 atque
874 226 936 260 par
967 218 1019 250 est
1052 216 1234 251 verborum
1269 215 1405 251 ubertas
1433 216 1468 251 in
1508 214 1596 250 v.11

188 278 280 314 1128
317 290 400 313 nam
439 283 526 312 certe
553 277 665 322 fluere
703 282 806 322 atque
836 275 991 309 recedere
1023 286 1174 322 corpora
1198 274 1300 309 rebus
1331 275 1445 311 Multa
1470 287 1596 310 manus

185 339 339 373 dandum
369 344 433 379 est,
466 334 512 370 IV
538 335 609 370 693
635 347 717 368 nam
737 335 880 381 penitus
897 334 1010 379 fluere
1036 340 1140 380 atque
1165 334 1320 368 recedere
1346 334 1445 369 rebus
1473 336 1594 370 odores

187 397 385 445 Siqniflcat,
413 392 458 429 IV
482 393 551 427 857
580 394 710 439 quippe
735 393 858 427 etenim
875 393 988 438 fluere
1015 399 1118 438 atque
1142 393 1297 426 recedere
1323 404 1470 438 corpora
1495 393 1596 427 rebus

187 455 301 490 Multa
330 453 442 489 modis
467 451 585 487 multis
611 452 731 497 ἀοι-αἱς
771 450 824 486 his
852 450 939 486 addo
967 461 1054 497 quae
1081 454 1162 486 sunt
1188 450 1332 486 similia:
1372 450 1417 486 IV
1444 452 1489 487 63
1515 465 1597 487 nam

187 527 249 549 cur
278 514 343 548 illa
375 512 503 547 cadant
532 512 644 557 maqis
677 510 719 546 ab
745 510 914 558 rebusque
938 512 1101 546 recedant
1126 510 1211 545 haec
1238 513 1330 545 certe
1358 509 1598 545 alliterationis

188 582 291 607 causa
329 570 525 605 consociata
563 572 597 605 et
635 569 681 605 IV
723 571 791 605 142
828 577 1061 618 perpetuoque
1082 571 1201 617 fluant
1233 569 1275 604 ab
1301 569 1404 604 rebus
1432 570 1600 616 lapsaque

189 632 329 672 cedant5
367 640 447 665 nam
486 640 692 675 quamquam
724 632 803 675 post
833 629 923 664 hunc
957 640 1095 665 versum
1122 629 1275 664 defectus
1303 631 1356 664 est
1383 628 1599 673 statuendus,

188 692 305 724 tamen
332 688 415 723 haec
440 688 544 723 verba
572 688 644 723 sine
671 687 773 723 dubio
801 687 995 723 cohaerent.
1039 687 1163 723 Tribus
1191 688 1339 733 denique
1366 687 1481 722 verbis
1508 687 1598 722 idem

188 748 260 784 fere
299 747 492 783 valentibus
533 746 641 783 utitur
676 750 779 794 poeta
815 746 851 782 in
890 758 921 782 V.
954 746 1000 782 IV
1033 748 1104 783 674
1140 755 1170 783 et
1190 748 1302 793 fluere
1328 755 1359 783 et
1384 749 1476 783 mitti
1499 747 1600 795 volqo

190 809 380 855 sparqique
417 806 570 849 (fluctum
604 806 761 850 odorum)
785 807 1027 853 putandumst,
1061 817 1127 851 quo
1156 806 1337 841 multitudo
1365 806 1509 841 odorum
1538 818 1600 841 un-

191 866 294 912 dique
334 864 546 901 effluentium
585 864 794 900 luculentius
827 864 934 899 oculis
967 864 1065 910 quasi
1097 864 1278 910 animoque
1312 865 1515 908 subiciatur;
1556 865 1598 900 cf.

193 925 222 959 ll
253 922 407 970 1134s35
434 926 471 959 in
498 931 637 959 cunctas
662 925 816 970 undique
836 925 954 970 partis
972 924 1087 958 Plura
1113 925 1214 958 modo
1241 925 1417 970 disparqit
1442 932 1473 959 et
1498 925 1540 959 ab
1567 937 1602 959 se

192 994 341 1032 corpora
371 984 492 1027 mittit,
534 986 567 1018 et
599 992 707 1029 prope
735 981 867 1017 accedit
893 992 1012 1017 versus
1039 981 1085 1016 VI
1112 982 1182 1017 922
1210 980 1267 1028 (ab
1294 982 1409 1025 rebus)
1436 990 1600 1030 perpetuo

192 1045 295 1083 fluere
329 1056 371 1078 ac
402 1044 493 1078 mitti
522 1044 712 1089 sparqique
741 1049 905 1077 necessest
931 1041 1099 1089 Corpora.
1128 1062 1172 1066 -
1201 1041 1272 1077 Iam
1299 1042 1454 1087 sequitur
1480 1042 1514 1077 in
1543 1054 1601 1077 ex-

193 1102 382 1149 emplorum
410 1101 529 1136 ordine
555 1100 602 1136 III
629 1102 700 1137 942
724 1114 808 1136 nam
834 1101 898 1136 tibi
911 1108 1091 1148 praeterea
1109 1102 1203 1147 quod
1218 1102 1396 1136 machiner
1413 1103 1604 1136 inveniam-

195 1175 271 1209 que,
298 1160 422 1197 deinde
449 1160 495 1196 IV
526 1160 618 1196 1144
644 1162 676 1196 si
701 1173 806 1208 quam
826 1162 920 1208 petis
947 1174 988 1196 ac
1013 1162 1081 1206 vis;
1122 1170 1202 1196 nam
1227 1167 1341 1208 petere
1366 1163 1401 1196 et
1424 1161 1509 1196 velle
1535 1161 1605 1196 usi·

195 1224 268 1256 tata
298 1225 332 1256 et
358 1220 499 1267 propria
525 1220 559 1254 in
588 1220 651 1254 hac
677 1230 714 1254 re
740 1219 906 1255 vocabula
934 1230 1009 1255 esse
1037 1218 1280 1255 Lachmannus
1307 1223 1342 1254 et
1367 1218 1488 1254 Munro
1516 1220 1606 1266 aptis

196 1279 362 1326 exemplis
401 1279 734 1315 demonstraverunt.
787 1278 975 1315 Praeterea
1014 1277 1120 1315 affero
1159 1278 1189 1313 V
1230 1279 1321 1314 1388
1359 1279 1441 1314 haec
1474 1281 1608 1315 animos

198 1340 276 1374 ollis
302 1339 496 1374 mulcebant
521 1346 623 1385 atque
648 1338 829 1382 iuvabant,
856 1337 902 1372 VI
932 1339 1025 1373 1034
1052 1345 1113 1373 αἰέν
1142 1338 1313 1373 Omnibus
1339 1346 1388 1373 est
1412 1339 1513 1374 rebus
1539 1341 1607 1374 cir-

198 1399 376 1433 cumdatus
402 1398 662 1444 adpositusque‚
690 1396 812 1432 deinde
839 1396 852 1431 I
879 1397 951 1432 514
978 1409 1127 1444 corpore
1152 1399 1257 1432 inane
1283 1410 1344 1432 suo
1371 1398 1482 1432 celare
1508 1405 1609 1444 atque

197 1460 291 1492 intus
326 1457 466 1499 babere,
508 1455 522 1490 I
553 1457 621 1491 807
655 1453 735 1501 (sol)
763 1456 864 1501 fovet
894 1455 1081 1502 tribuitque
1112 1457 1279 1500 calorem,
1312 1456 1343 1503 ll
1373 1458 1437 1501 58,
1473 1456 1517 1491 III
1548 1457 1608 1501 90,

198 1515 243 1550 Vl
278 1517 324 1551 38
364 1528 452 1562 quae
484 1516 593 1562 pueri
622 1516 661 1549 in
692 1514 837 1549 tenebris
863 1516 1026 1561 pavitant
1043 1515 1253 1562 finyuntque
1270 1516 1416 1560 futura,
1461 1515 1609 1561 denique

200 1574 229 1609 V
259 1575 326 1610 183
361 1575 448 1623 quid
477 1575 600 1609 vellent
619 1574 744 1619 facere
773 1581 811 1609 ut
835 1575 961 1609 scirent
985 1576 1168 1621 animoque
1193 1575 1349 1609 viderent
1373 1572 1431 1619 (cf.
1460 1586 1491 1608 v.
1515 1574 1605 1609 1341

201 1635 318 1668 animo
340 1634 557 1680 praesentire
583 1639 686 1679 atque
711 1633 853 1677 videre),
881 1632 971 1677 quod
997 1633 1164 1678 repetitur
1192 1633 1226 1667 in
1245 1644 1275 1667 v.
1297 1634 1403 1675 10473
1431 1633 1484 1667 his
1503 1632 1609 1667 addas

201 1695 375 1739 postremo
415 1691 538 1728 similis
578 1692 721 1728 rationis
753 1691 949 1739 exemplum
977 1703 1111 1727 versum
1140 1691 1210 1727 842
1243 1691 1323 1727 libri
1349 1691 1364 1727 I
1391 1699 1501 1728 cetera
1527 1705 1607 1728 con-

201 1753 311 1787 simili
325 1752 433 1799 finqit
457 1754 593 1787 ratione
614 1759 795 1799 putatque.

301 1810 415 1845 Antea
451 1810 520 1845 iam
560 1810 757 1846 videramus
790 1813 926 1857 poetam
960 1811 1009 1846 ita
1040 1810 1213 1846 nonnullis
1242 1810 1326 1846 locis
1361 1814 1395 1845 et
1421 1811 1610 1846 sententiae

202 1869 345 1916 ponderi
377 1869 548 1916 profuisse
582 1873 616 1905 et
641 1870 777 1905 numeri
804 1870 994 1915 venustati,
1034 1873 1072 1906 ut
1090 1870 1241 1913 >alterum
1270 1881 1313 1905 ex
1339 1870 1470 1906 duobus
1498 1870 1610 1906 verbis

203 1928 403 1975 synonymis
441 1928 476 1962 in
508 1928 606 1962 initio
641 1928 787 1963 alterum
823 1929 858 1963 in
886 1928 952 1964 fine
980 1940 1099 1964 versus
1126 1932 1279 1975 poneret.
1331 1928 1405 1970 Qua
1431 1928 1610 1963 verborum

203 1986 427 2023 collocatione
460 1986 641 2033 aliquoties
673 1990 809 2033 poetam
836 1987 882 2023 ibi
910 1998 1045 2034 quoque
1071 1999 1171 2024 usum
1199 1999 1288 2032 esse,
1322 1987 1379 2023 ubi
1406 1988 1612 2022 sententiam

203 2046 290 2082 nihil
322 2046 456 2082 adiuvit
486 2046 546 2082 sed
581 2047 680 2081 unius
707 2046 842 2081 numeri
869 2047 1062 2091 elegantiae
1089 2059 1192 2083 causa
1218 2048 1322 2083 verba
1347 2048 1396 2082 sic
1420 2047 1613 2092 collocavit,

204 2106 368 2142 concedet
405 2106 567 2151 fortasse,
606 2105 665 2151 qui
705 2105 764 2140 hos
795 2104 888 2140 locos
919 2105 1206 2142 consideraverit:
1235 2106 1264 2140 V
1290 2102 1419 2152 887s88
1452 2118 1495 2141 ne
1514 2106 1616 2151 forte

205 2179 245 2201 eoe
271 2167 407 2202 bomine
433 2173 464 2201 et
488 2167 638 2201 veterino
665 2167 790 2201 semine
816 2178 982 2212 equorum
1007 2165 1158 2211 Confieri
1174 2167 1293 2201 credas
1311 2164 1499 2200 Centauros
1515 2179 1617 2213 posse

204 2237 313 2273 neque
339 2238 409 2261 esse
434 2225 502 2261 iam
532 2227 634 2260 antea
660 2236 679 2260 a
705 2236 760 2260 me
787 2224 941 2270 allatum,
968 2223 1015 2259 IV
1038 2223 1189 2271 1276177
1218 2238 1298 2260 nam
1322 2225 1439 2260 leviter
1458 2228 1617 2272 quamvis

206 2286 300 2332 quod
338 2285 456 2320 crebro
496 2286 654 2320 tunditur
690 2287 778 2329 ictu,
828 2285 981 2320 Vincitur
1018 2286 1056 2319 in
1089 2285 1192 2331 lonqo
1225 2286 1337 2331 spatio
1370 2291 1485 2321 tamen
1515 2293 1618 2333 atque

207 2345 369 2386 labascit,·
396 2354 477 2378 nam
505 2344 652 2378 labascit
676 2355 747 2378 rem
775 2344 970 2389 expressius
997 2346 1130 2378 tantum
1158 2343 1325 2389 depingit,
1352 2354 1441 2389 quae
1460 2345 1618 2379 vincendi

208 2403 311 2438 verbo
339 2413 418 2439 vere
445 2403 645 2438 enuntiatur
671 2402 731 2438 sed
758 2403 872 2438 minus
897 2401 1010 2449 lepide
1036 2401 1246 2446 illustratum
1274 2401 1320 2437 VI
1346 2403 1420 2439 415
1446 2410 1485 2439 ut
1496 2404 1620 2452 pluere

205 2463 244 2496 in
276 2463 394 2498 multis
424 2463 623 2510 reqionibus
650 2470 682 2498 et
707 2464 828 2499 cadere
852 2462 991 2506 imbris,
1031 2462 1155 2498 deinde
1183 2461 1227 2497 IV
1255 2463 1321 2498 931
1354 2465 1493 2499 tundier
1518 2472 1620 2511 atque

1426 2530 1445 2559 2
