<?xml version="1.0" encoding="UTF-8"?>
<!DOCTYPE html PUBLIC "-//W3C//DTD XHTML 1.0 Transitional//EN"
    "http://www.w3.org/TR/xhtml1/DTD/xhtml1-transitional.dtd">
<html xmlns="http://www.w3.org/1999/xhtml" xml:lang="en" lang="en">
 <head>
  <title>
</title>
<meta http-equiv="Content-Type" content="text/html;charset=utf-8" />
  <meta name='ocr-system' content='tesseract 3.04.00' />
  <meta name='ocr-capabilities' content='ocr_page ocr_carea ocr_par ocr_line ocrx_word'/>
</head>
<body>
  <div class='ocr_page' id='page_1' title='image "./4771754_0089.png"; bbox 0 0 1835 2765; ppageno 0'>
   <div class='ocr_carea' id='block_1_1' title="bbox 866 52 911 91">
    <p class='ocr_par' dir='ltr' id='par_1_1' title="bbox 866 52 911 91">
     <span class='ocr_line' id='line_1_1' title="bbox 866 52 911 91; baseline -0.022 0"><span class='ocrx_word' id='word_1_1' title='bbox 866 52 911 91; x_wconf 82' lang='lat'>77</span> 
     </span>
    </p>
   </div>
   <div class='ocr_carea' id='block_1_2' title="bbox 177 153 1641 2504">
    <p class='ocr_par' dir='ltr' id='par_1_2' title="bbox 185 153 1593 381">
     <span class='ocr_line' id='line_1_2' title="bbox 190 153 1593 203; baseline -0.001 -13"><span class='ocrx_word' id='word_1_2' title='bbox 190 155 413 202; x_wconf 84' lang='lat' dir='ltr'><strong>subsequitur</strong></span> <span class='ocrx_word' id='word_1_3' title='bbox 439 156 627 203; x_wconf 82' lang='lat' dir='ltr'>zephyrus3</span> <span class='ocrx_word' id='word_1_4' title='bbox 656 155 709 191; x_wconf 90' lang='lat' dir='ltr'>his</span> <span class='ocrx_word' id='word_1_5' title='bbox 735 154 837 190; x_wconf 90' lang='lat' dir='ltr'>Flora</span> <span class='ocrx_word' id='word_1_6' title='bbox 864 154 936 189; x_wconf 87' lang='lat' dir='ltr'>vias</span> <span class='ocrx_word' id='word_1_7' title='bbox 962 153 1103 190; x_wconf 90' lang='lat' dir='ltr'>floribus</span> <span class='ocrx_word' id='word_1_8' title='bbox 1129 155 1348 202; x_wconf 83' lang='lat' dir='ltr'>praespargit</span> <span class='ocrx_word' id='word_1_9' title='bbox 1375 157 1409 191; x_wconf 90' lang='lat' dir='ltr'>et</span> <span class='ocrx_word' id='word_1_10' title='bbox 1431 153 1593 190; x_wconf 91' lang='lat' dir='ltr'>odoribus</span> 
     </span>
     <span class='ocr_line' id='line_1_3' title="bbox 190 214 1592 262; baseline -0.001 -13"><span class='ocrx_word' id='word_1_11' title='bbox 190 215 317 262; x_wconf 83' lang='lat' dir='ltr'><strong>opplet.</strong></span> <span class='ocrx_word' id='word_1_12' title='bbox 383 215 434 250; x_wconf 90' lang='lat' dir='ltr'>Ita</span> <span class='ocrx_word' id='word_1_13' title='bbox 474 215 672 250; x_wconf 85' lang='lat' dir='ltr'><strong>adverbium</strong></span> <span class='ocrx_word' id='word_1_14' title='bbox 713 222 791 250; x_wconf 74' lang='lat' dir='ltr'>ante</span> <span class='ocrx_word' id='word_1_15' title='bbox 829 215 863 248; x_wconf 91' lang='lat' dir='ltr'>in</span> <span class='ocrx_word' id='word_1_16' title='bbox 897 225 927 248; x_wconf 92' lang='lat' dir='ltr'>v.</span> <span class='ocrx_word' id='word_1_17' title='bbox 963 214 1032 248; x_wconf 82' lang='lat'>736</span> <span class='ocrx_word' id='word_1_18' title='bbox 1065 215 1271 260; x_wconf 86' lang='lat' dir='ltr'>respondere</span> <span class='ocrx_word' id='word_1_19' title='bbox 1303 217 1447 261; x_wconf 87' lang='lat' dir='ltr'>apparet</span> <span class='ocrx_word' id='word_1_20' title='bbox 1478 214 1592 249; x_wconf 89' lang='lat' dir='ltr'>verbis</span> 
     </span>
     <span class='ocr_line' id='line_1_4' title="bbox 185 271 1590 323; baseline -0.001 -13"><span class='ocrx_word' id='word_1_21' title='bbox 185 276 330 322; x_wconf 71' lang='lat' dir='ltr'>veetiqz&#39;a</span> <span class='ocrx_word' id='word_1_22' title='bbox 355 282 504 323; x_wconf 78' lang='lat' dir='ltr'>propter</span> <span class='ocrx_word' id='word_1_23' title='bbox 536 285 680 320; x_wconf 91' lang='lat' dir='ltr'>quorum</span> <span class='ocrx_word' id='word_1_24' title='bbox 718 272 909 317; x_wconf 84' lang='lat' dir='ltr'>sententia,</span> <span class='ocrx_word' id='word_1_25' title='bbox 946 272 975 307; x_wconf 91' lang='lat' dir='ltr'>si</span> <span class='ocrx_word' id='word_1_26' title='bbox 1005 271 1127 307; x_wconf 81' lang='lat' dir='ltr'>Florae</span> <span class='ocrx_word' id='word_1_27' title='bbox 1160 273 1375 319; x_wconf 85' lang='lat' dir='ltr'>tribuuntur,</span> <span class='ocrx_word' id='word_1_28' title='bbox 1414 274 1470 308; x_wconf 82' lang='lat' dir='ltr'>vix</span> <span class='ocrx_word' id='word_1_29' title='bbox 1506 272 1590 308; x_wconf 90' lang='lat' dir='ltr'>mihi</span> 
     </span>
     <span class='ocr_line' id='line_1_5' title="bbox 194 331 1268 381; baseline -0.002 -13"><span class='ocrx_word' id='word_1_30' title='bbox 194 334 305 369; x_wconf 87' lang='lat' dir='ltr'>verbis</span> <span class='ocrx_word' id='word_1_31' title='bbox 329 347 586 381; x_wconf 73' lang='lat' dir='ltr'>praesparyene</span> <span class='ocrx_word' id='word_1_32' title='bbox 613 341 690 369; x_wconf 80' lang='lat' dir='ltr'>ante</span> <span class='ocrx_word' id='word_1_33' title='bbox 716 331 968 368; x_wconf 86' lang='lat' dir='ltr'>accommodari</span> <span class='ocrx_word' id='word_1_34' title='bbox 995 343 1096 377; x_wconf 88' lang='lat' dir='ltr'>posse</span> <span class='ocrx_word' id='word_1_35' title='bbox 1122 331 1268 366; x_wconf 85' lang='lat' dir='ltr'>videtur.</span> 
     </span>
    </p>

    <p class='ocr_par' dir='ltr' id='par_1_3' title="bbox 177 389 1641 2504">
     <span class='ocr_line' id='line_1_6' title="bbox 284 389 1592 438; baseline -0.002 -11"><span class='ocrx_word' id='word_1_36' title='bbox 284 392 368 427; x_wconf 90' lang='lat' dir='ltr'>Cum</span> <span class='ocrx_word' id='word_1_37' title='bbox 405 392 468 427; x_wconf 88' lang='lat' dir='ltr'>hoc</span> <span class='ocrx_word' id='word_1_38' title='bbox 499 392 675 438; x_wconf 89' lang='lat' dir='ltr'>participii</span> <span class='ocrx_word' id='word_1_39' title='bbox 707 401 831 436; x_wconf 81' lang='lat' dir='ltr'>genere</span> <span class='ocrx_word' id='word_1_40' title='bbox 858 390 1003 425; x_wconf 87' lang='lat' dir='ltr'>alterum</span> <span class='ocrx_word' id='word_1_41' title='bbox 1032 390 1219 434; x_wconf 83' lang='lat' dir='ltr'>coniung0‚</span> <span class='ocrx_word' id='word_1_42' title='bbox 1250 401 1316 435; x_wconf 89' lang='lat' dir='ltr'>quo</span> <span class='ocrx_word' id='word_1_43' title='bbox 1342 390 1392 425; x_wconf 90' lang='lat' dir='ltr'>illi</span> <span class='ocrx_word' id='word_1_44' title='bbox 1418 389 1484 425; x_wconf 91' lang='lat' dir='ltr'>loci</span> <span class='ocrx_word' id='word_1_45' title='bbox 1511 401 1592 425; x_wconf 90' lang='lat' dir='ltr'>con-</span> 
     </span>
     <span class='ocr_line' id='line_1_7' title="bbox 187 448 1591 498; baseline -0.002 -12"><span class='ocrx_word' id='word_1_46' title='bbox 187 451 373 497; x_wconf 83' lang='lat' dir='ltr'>tineantur,</span> <span class='ocrx_word' id='word_1_47' title='bbox 400 452 458 487; x_wconf 94' lang='lat' dir='ltr'>ubi</span> <span class='ocrx_word' id='word_1_48' title='bbox 478 451 649 498; x_wconf 87' lang='lat' dir='ltr'><strong>praesenti</strong></span> <span class='ocrx_word' id='word_1_49' title='bbox 669 450 763 486; x_wconf 87' lang='lat' dir='ltr'>verbi</span> <span class='ocrx_word' id='word_1_50' title='bbox 782 449 993 485; x_wconf 84' lang='lat' dir='ltr'>intransitivi</span> <span class='ocrx_word' id='word_1_51' title='bbox 1011 452 1139 485; x_wconf 90' lang='lat' dir='ltr'>statum</span> <span class='ocrx_word' id='word_1_52' title='bbox 1159 448 1461 494; x_wconf 82' lang='lat' dir='ltr'>condicionemque</span> <span class='ocrx_word' id='word_1_53' title='bbox 1484 449 1591 494; x_wconf 86' lang='lat' dir='ltr'>signi-</span> 
     </span>
     <span class='ocr_line' id='line_1_8' title="bbox 188 508 1592 556; baseline -0.001 -12"><span class='ocrx_word' id='word_1_54' title='bbox 188 509 321 545; x_wconf 87' lang='lat' dir='ltr'>ficantis</span> <span class='ocrx_word' id='word_1_55' title='bbox 354 510 576 556; x_wconf 83' lang='lat' dir='ltr'>participium</span> <span class='ocrx_word' id='word_1_56' title='bbox 615 510 756 556; x_wconf 89' lang='lat' dir='ltr'>perfecti</span> <span class='ocrx_word' id='word_1_57' title='bbox 790 509 919 556; x_wconf 87' lang='lat' dir='ltr'>passivi</span> <span class='ocrx_word' id='word_1_58' title='bbox 953 509 1048 545; x_wconf 85' lang='lat' dir='ltr'>verbi</span> <span class='ocrx_word' id='word_1_59' title='bbox 1080 508 1255 544; x_wconf 85' lang='lat' dir='ltr'>transitivi</span> <span class='ocrx_word' id='word_1_60' title='bbox 1290 508 1436 543; x_wconf 87' lang='lat' dir='ltr'>adicitur</span> <span class='ocrx_word' id='word_1_61' title='bbox 1468 509 1518 544; x_wconf 87' lang='lat' dir='ltr'>ita</span> <span class='ocrx_word' id='word_1_62' title='bbox 1553 511 1592 543; x_wconf 91' lang='lat' dir='ltr'>ut</span> 
     </span>
     <span class='ocr_line' id='line_1_9' title="bbox 189 565 1591 616; baseline -0.001 -13"><span class='ocrx_word' id='word_1_63' title='bbox 189 569 360 616; x_wconf 91' lang='lat' dir='ltr'>participii</span> <span class='ocrx_word' id='word_1_64' title='bbox 388 568 593 615; x_wconf 85' lang='lat' dir='ltr'>significatio</span> <span class='ocrx_word' id='word_1_65' title='bbox 620 580 695 604; x_wconf 91' lang='lat' dir='ltr'>cum</span> <span class='ocrx_word' id='word_1_66' title='bbox 723 569 817 605; x_wconf 90' lang='lat' dir='ltr'>verbi</span> <span class='ocrx_word' id='word_1_67' title='bbox 844 568 953 615; x_wconf 89' lang='lat' dir='ltr'>ipsius</span> <span class='ocrx_word' id='word_1_68' title='bbox 980 568 1151 604; x_wconf 88' lang='lat' dir='ltr'>sententia</span> <span class='ocrx_word' id='word_1_69' title='bbox 1176 567 1279 615; x_wconf 86' lang='lat' dir='ltr'>plane</span> <span class='ocrx_word' id='word_1_70' title='bbox 1305 569 1483 611; x_wconf 83' lang='lat' dir='ltr'><strong>congruat.</strong></span> <span class='ocrx_word' id='word_1_71' title='bbox 1526 565 1591 601; x_wconf 89' lang='lat' dir='ltr'>Ve-</span> 
     </span>
     <span class='ocr_line' id='line_1_10' title="bbox 186 626 1590 674; baseline -0.001 -12"><span class='ocrx_word' id='word_1_72' title='bbox 186 628 238 662; x_wconf 88' lang='lat' dir='ltr'>lut</span> <span class='ocrx_word' id='word_1_73' title='bbox 265 628 353 673; x_wconf 90' lang='lat' dir='ltr'>quod</span> <span class='ocrx_word' id='word_1_74' title='bbox 380 628 415 663; x_wconf 91' lang='lat' dir='ltr'>in</span> <span class='ocrx_word' id='word_1_75' title='bbox 443 629 616 674; x_wconf 88' lang='lat' dir='ltr'>prooemio</span> <span class='ocrx_word' id='word_1_76' title='bbox 643 628 721 663; x_wconf 86' lang='lat' dir='ltr'>libri</span> <span class='ocrx_word' id='word_1_77' title='bbox 749 626 941 674; x_wconf 75' lang='lat' dir='ltr'>1v.29!30</span> <span class='ocrx_word' id='word_1_78' title='bbox 966 632 1069 674; x_wconf 86' lang='lat' dir='ltr'>poeta</span> <span class='ocrx_word' id='word_1_79' title='bbox 1088 627 1254 663; x_wconf 83' lang='lat' dir='ltr'>Venerem</span> <span class='ocrx_word' id='word_1_80' title='bbox 1283 627 1347 662; x_wconf 91' lang='lat' dir='ltr'>hac</span> <span class='ocrx_word' id='word_1_81' title='bbox 1373 637 1475 673; x_wconf 81' lang='lat' dir='ltr'>prece</span> <span class='ocrx_word' id='word_1_82' title='bbox 1503 626 1590 661; x_wconf 90' lang='lat' dir='ltr'>adit:</span> 
     </span>
     <span class='ocr_line' id='line_1_11' title="bbox 186 685 1591 734; baseline -0.003 -12"><span class='ocrx_word' id='word_1_83' title='bbox 186 687 279 733; x_wconf 72' lang='lat' dir='ltr'>effice</span> <span class='ocrx_word' id='word_1_84' title='bbox 304 694 341 722; x_wconf 83' lang='lat' dir='ltr'>ut</span> <span class='ocrx_word' id='word_1_85' title='bbox 368 706 411 711; x_wconf 90' lang='grc'>--</span> <span class='ocrx_word' id='word_1_86' title='bbox 439 700 598 722; x_wconf 82' lang='lat' dir='ltr'>moenera</span> <span class='ocrx_word' id='word_1_87' title='bbox 624 688 766 722; x_wconf 74' lang='lat' dir='ltr'>militiai</span> <span class='ocrx_word' id='word_1_88' title='bbox 790 709 837 714; x_wconf 91' lang='lat'><em>-</em></span> <span class='ocrx_word' id='word_1_89' title='bbox 863 689 977 734; x_wconf 74' lang='lat' dir='ltr'>sopita</span> <span class='ocrx_word' id='word_1_90' title='bbox 1005 689 1197 734; x_wconf 78' lang='lat' dir='ltr'>quiescant,</span> <span class='ocrx_word' id='word_1_91' title='bbox 1232 686 1319 721; x_wconf 84' lang='lat' dir='ltr'>hanc</span> <span class='ocrx_word' id='word_1_92' title='bbox 1346 696 1447 732; x_wconf 89' lang='lat' dir='ltr'>quam</span> <span class='ocrx_word' id='word_1_93' title='bbox 1478 685 1591 720; x_wconf 84' lang='lat' dir='ltr'>verbis</span> 
     </span>
     <span class='ocr_line' id='line_1_12' title="bbox 187 744 1589 792; baseline -0.001 -13"><span class='ocrx_word' id='word_1_94' title='bbox 187 745 378 780; x_wconf 89' lang='lat' dir='ltr'>coniunctis</span> <span class='ocrx_word' id='word_1_95' title='bbox 406 744 501 781; x_wconf 86' lang='lat' dir='ltr'>effert</span> <span class='ocrx_word' id='word_1_96' title='bbox 528 746 734 781; x_wconf 80' lang='lat' dir='ltr'>sententiam</span> <span class='ocrx_word' id='word_1_97' title='bbox 763 746 890 792; x_wconf 74' lang='lat' dir='ltr'>(sopita</span> <span class='ocrx_word' id='word_1_98' title='bbox 917 744 1120 792; x_wconf 73' lang='lat' dir='ltr'>quieseant),</span> <span class='ocrx_word' id='word_1_99' title='bbox 1149 746 1292 780; x_wconf 86' lang='lat' dir='ltr'>eandem</span> <span class='ocrx_word' id='word_1_100' title='bbox 1315 744 1465 791; x_wconf 84' lang='lat' dir='ltr'>simplici</span> <span class='ocrx_word' id='word_1_101' title='bbox 1485 744 1589 779; x_wconf 87' lang='lat' dir='ltr'>verbo</span> 
     </span>
     <span class='ocr_line' id='line_1_13' title="bbox 185 803 1589 852; baseline -0.001 -13"><span class='ocrx_word' id='word_1_102' title='bbox 185 805 300 852; x_wconf 76' lang='lat' dir='ltr'>sopita</span> <span class='ocrx_word' id='word_1_103' title='bbox 325 806 395 840; x_wconf 75' lang='lat' dir='ltr'>sint</span> <span class='ocrx_word' id='word_1_104' title='bbox 419 803 473 839; x_wconf 89' lang='lat' dir='ltr'>vel</span> <span class='ocrx_word' id='word_1_105' title='bbox 501 806 678 852; x_wconf 72' lang='lat' dir='ltr'>quiescant</span> <span class='ocrx_word' id='word_1_106' title='bbox 701 815 769 839; x_wconf 90' lang='lat' dir='ltr'>non</span> <span class='ocrx_word' id='word_1_107' title='bbox 797 804 911 839; x_wconf 88' lang='lat' dir='ltr'>minus</span> <span class='ocrx_word' id='word_1_108' title='bbox 937 807 1028 840; x_wconf 89' lang='lat' dir='ltr'>recte</span> <span class='ocrx_word' id='word_1_109' title='bbox 1055 805 1249 850; x_wconf 81' lang='lat' dir='ltr'>exprimere</span> <span class='ocrx_word' id='word_1_110' title='bbox 1277 804 1406 850; x_wconf 80' lang='lat' dir='ltr'>potuit3</span> <span class='ocrx_word' id='word_1_111' title='bbox 1434 814 1513 838; x_wconf 87' lang='lat' dir='ltr'>nam</span> <span class='ocrx_word' id='word_1_112' title='bbox 1533 816 1589 838; x_wconf 87' lang='lat'>80-</span> 
     </span>
     <span class='ocr_line' id='line_1_14' title="bbox 185 863 1588 911; baseline -0.001 -12"><span class='ocrx_word' id='word_1_113' title='bbox 185 865 298 911; x_wconf 78' lang='lat' dir='ltr'>pz&#39;tum</span> <span class='ocrx_word' id='word_1_114' title='bbox 330 877 399 899; x_wconf 72' lang='lat' dir='ltr'>esse</span> <span class='ocrx_word' id='word_1_115' title='bbox 428 863 520 899; x_wconf 90' lang='lat' dir='ltr'>idem</span> <span class='ocrx_word' id='word_1_116' title='bbox 556 863 648 899; x_wconf 86' lang='lat' dir='ltr'>valet</span> <span class='ocrx_word' id='word_1_117' title='bbox 674 863 764 910; x_wconf 91' lang='lat' dir='ltr'>quod</span> <span class='ocrx_word' id='word_1_118' title='bbox 792 865 973 911; x_wconf 71' lang='lat' dir='ltr'>quiescere.</span> <span class='ocrx_word' id='word_1_119' title='bbox 1026 863 1094 899; x_wconf 86' lang='lat' dir='ltr'>Sed</span> <span class='ocrx_word' id='word_1_120' title='bbox 1120 864 1251 899; x_wconf 90' lang='lat' dir='ltr'>duobus</span> <span class='ocrx_word' id='word_1_121' title='bbox 1278 863 1392 899; x_wconf 88' lang='lat' dir='ltr'>verbis</span> <span class='ocrx_word' id='word_1_122' title='bbox 1418 863 1454 898; x_wconf 93' lang='lat' dir='ltr'>in</span> <span class='ocrx_word' id='word_1_123' title='bbox 1482 874 1588 898; x_wconf 90' lang='lat' dir='ltr'>unum</span> 
     </span>
     <span class='ocr_line' id='line_1_15' title="bbox 189 922 1588 968; baseline -0.001 -11"><span class='ocrx_word' id='word_1_124' title='bbox 189 923 286 968; x_wconf 83' lang='lat' dir='ltr'>quasi</span> <span class='ocrx_word' id='word_1_125' title='bbox 321 922 472 958; x_wconf 87' lang='lat' dir='ltr'>confusis</span> <span class='ocrx_word' id='word_1_126' title='bbox 508 922 650 968; x_wconf 87' lang='lat' dir='ltr'>petitam</span> <span class='ocrx_word' id='word_1_127' title='bbox 686 922 856 968; x_wconf 87' lang='lat' dir='ltr'>quandam</span> <span class='ocrx_word' id='word_1_128' title='bbox 889 922 1079 958; x_wconf 89' lang='lat' dir='ltr'>sententiae</span> <span class='ocrx_word' id='word_1_129' title='bbox 1105 922 1209 957; x_wconf 86' lang='lat' dir='ltr'>efficit</span> <span class='ocrx_word' id='word_1_130' title='bbox 1234 923 1457 967; x_wconf 82' lang='lat' dir='ltr'>gravitatem,</span> <span class='ocrx_word' id='word_1_131' title='bbox 1491 924 1588 967; x_wconf 87' lang='lat' dir='ltr'>quasi</span> 
     </span>
     <span class='ocr_line' id='line_1_16' title="bbox 187 980 1589 1029; baseline -0.001 -12"><span class='ocrx_word' id='word_1_132' title='bbox 187 981 314 1017; x_wconf 87' lang='lat' dir='ltr'>dixerit</span> <span class='ocrx_word' id='word_1_133' title='bbox 340 983 409 1018; x_wconf 76' lang='lat' dir='ltr'>alto</span> <span class='ocrx_word' id='word_1_134' title='bbox 436 994 560 1029; x_wconf 73' lang='lat' dir='ltr'>sopore</span> <span class='ocrx_word' id='word_1_135' title='bbox 587 983 780 1029; x_wconf 72' lang='lat' dir='ltr'>quz&#39;eseant3</span> <span class='ocrx_word' id='word_1_136' title='bbox 813 985 847 1017; x_wconf 89' lang='lat' dir='ltr'>et</span> <span class='ocrx_word' id='word_1_137' title='bbox 880 992 966 1027; x_wconf 88' lang='lat' dir='ltr'>quae</span> <span class='ocrx_word' id='word_1_138' title='bbox 992 981 1096 1016; x_wconf 87' lang='lat' dir='ltr'>verba</span> <span class='ocrx_word' id='word_1_139' title='bbox 1124 980 1177 1016; x_wconf 92' lang='lat' dir='ltr'>hic</span> <span class='ocrx_word' id='word_1_140' title='bbox 1203 981 1370 1016; x_wconf 84' lang='lat' dir='ltr'>translata</span> <span class='ocrx_word' id='word_1_141' title='bbox 1396 981 1589 1027; x_wconf 90' lang='lat' dir='ltr'>composuit</span> 
     </span>
     <span class='ocr_line' id='line_1_17' title="bbox 184 1040 1589 1087; baseline -0.001 -11"><span class='ocrx_word' id='word_1_142' title='bbox 184 1044 302 1087; x_wconf 78' lang='lat' dir='ltr'>poeta,</span> <span class='ocrx_word' id='word_1_143' title='bbox 334 1041 463 1077; x_wconf 89' lang='lat' dir='ltr'>eisdem</span> <span class='ocrx_word' id='word_1_144' title='bbox 495 1041 643 1087; x_wconf 80' lang='lat' dir='ltr'>propriis</span> <span class='ocrx_word' id='word_1_145' title='bbox 678 1052 760 1076; x_wconf 93' lang='lat' dir='ltr'>usus</span> <span class='ocrx_word' id='word_1_146' title='bbox 792 1044 844 1075; x_wconf 87' lang='lat' dir='ltr'>est</span> <span class='ocrx_word' id='word_1_147' title='bbox 876 1041 911 1075; x_wconf 94' lang='lat' dir='ltr'>in</span> <span class='ocrx_word' id='word_1_148' title='bbox 947 1052 978 1074; x_wconf 94' lang='lat' dir='ltr'>v.</span> <span class='ocrx_word' id='word_1_149' title='bbox 1007 1040 1052 1075; x_wconf 88' lang='lat'>111</span> <span class='ocrx_word' id='word_1_150' title='bbox 1080 1041 1151 1075; x_wconf 86' lang='grc'>918</span> <span class='ocrx_word' id='word_1_151' title='bbox 1179 1053 1254 1075; x_wconf 84' lang='lat' dir='ltr'>cum</span> <span class='ocrx_word' id='word_1_152' title='bbox 1279 1042 1412 1087; x_wconf 77' lang='lat' dir='ltr'>pariter</span> <span class='ocrx_word' id='word_1_153' title='bbox 1437 1053 1530 1075; x_wconf 75' lang='lat' dir='ltr'>mens</span> <span class='ocrx_word' id='word_1_154' title='bbox 1558 1048 1589 1075; x_wconf 82' lang='lat' dir='ltr'>et</span> 
     </span>
     <span class='ocr_line' id='line_1_18' title="bbox 185 1098 1589 1147; baseline -0.001 -13"><span class='ocrx_word' id='word_1_155' title='bbox 185 1112 309 1146; x_wconf 76' lang='lat' dir='ltr'>corpus</span> <span class='ocrx_word' id='word_1_156' title='bbox 335 1102 449 1147; x_wconf 70' lang='lat' dir='ltr'>sopita</span> <span class='ocrx_word' id='word_1_157' title='bbox 477 1100 654 1145; x_wconf 69' lang='lat' dir='ltr'>quieseunt</span> <span class='ocrx_word' id='word_1_158' title='bbox 679 1100 761 1133; x_wconf 90' lang='lat' dir='ltr'>item</span> <span class='ocrx_word' id='word_1_159' title='bbox 789 1102 891 1144; x_wconf 86' lang='lat' dir='ltr'>atque</span> <span class='ocrx_word' id='word_1_160' title='bbox 910 1098 1053 1134; x_wconf 88' lang='lat' dir='ltr'>Ovidius</span> <span class='ocrx_word' id='word_1_161' title='bbox 1073 1098 1114 1133; x_wconf 90' lang='lat' dir='ltr'>de</span> <span class='ocrx_word' id='word_1_162' title='bbox 1133 1099 1277 1134; x_wconf 89' lang='lat' dir='ltr'>Thetide</span> <span class='ocrx_word' id='word_1_163' title='bbox 1295 1099 1484 1133; x_wconf 80' lang='lat' dir='ltr'>dormitura</span> <span class='ocrx_word' id='word_1_164' title='bbox 1506 1099 1589 1134; x_wconf 88' lang='lat' dir='ltr'>dicit</span> 
     </span>
     <span class='ocr_line' id='line_1_19' title="bbox 184 1157 1586 1205; baseline 0 -13"><span class='ocrx_word' id='word_1_165' title='bbox 184 1157 218 1192; x_wconf 89' lang='lat' dir='ltr'>in</span> <span class='ocrx_word' id='word_1_166' title='bbox 247 1157 326 1193; x_wconf 87' lang='lat' dir='ltr'>Met.</span> <span class='ocrx_word' id='word_1_167' title='bbox 354 1158 403 1194; x_wconf 88' lang='lat' dir='ltr'>XI</span> <span class='ocrx_word' id='word_1_168' title='bbox 421 1159 490 1194; x_wconf 78' lang='lat'>251</span> <span class='ocrx_word' id='word_1_169' title='bbox 519 1172 596 1194; x_wconf 81' lang='lat' dir='ltr'>eum</span> <span class='ocrx_word' id='word_1_170' title='bbox 619 1159 733 1205; x_wconf 70' lang='lat' dir='ltr'>qelz&#39;do</span> <span class='ocrx_word' id='word_1_171' title='bbox 759 1161 872 1205; x_wconf 78' lang='lat' dir='ltr'>sopita</span> <span class='ocrx_word' id='word_1_172' title='bbox 899 1160 1048 1205; x_wconf 72' lang='lat' dir='ltr'>quiescet</span> <span class='ocrx_word' id='word_1_173' title='bbox 1072 1160 1110 1193; x_wconf 78' lang='lat' dir='ltr'>in</span> <span class='ocrx_word' id='word_1_174' title='bbox 1135 1165 1247 1193; x_wconf 74' lang='lat' dir='ltr'>antro.</span> <span class='ocrx_word' id='word_1_175' title='bbox 1276 1177 1321 1181; x_wconf 87' lang='lat'><em>—</em></span> <span class='ocrx_word' id='word_1_176' title='bbox 1341 1158 1459 1203; x_wconf 90' lang='lat' dir='ltr'>Neque</span> <span class='ocrx_word' id='word_1_177' title='bbox 1486 1157 1586 1192; x_wconf 83' lang='lat' dir='ltr'>aliter</span> 
     </span>
     <span class='ocr_line' id='line_1_20' title="bbox 184 1214 1587 1264; baseline 0.001 -15"><span class='ocrx_word' id='word_1_178' title='bbox 184 1216 218 1250; x_wconf 87' lang='lat' dir='ltr'>in</span> <span class='ocrx_word' id='word_1_179' title='bbox 252 1227 301 1250; x_wconf 89' lang='lat' dir='ltr'>vs.</span> <span class='ocrx_word' id='word_1_180' title='bbox 329 1216 343 1251; x_wconf 93' lang='lat' dir='ltr'>I</span> <span class='ocrx_word' id='word_1_181' title='bbox 368 1214 474 1263; x_wconf 76' lang='lat' dir='ltr'><strong><em>26s27</em></strong></span> <span class='ocrx_word' id='word_1_182' title='bbox 509 1231 607 1264; x_wconf 79' lang='lat' dir='ltr'>quem</span> <span class='ocrx_word' id='word_1_183' title='bbox 639 1225 693 1261; x_wconf 73' lang='lat' dir='ltr'>tu,</span> <span class='ocrx_word' id='word_1_184' title='bbox 734 1219 816 1261; x_wconf 72' lang='lat' dir='ltr'>dea,</span> <span class='ocrx_word' id='word_1_185' title='bbox 849 1224 999 1264; x_wconf 78' lang='lat' dir='ltr'>tempore</span> <span class='ocrx_word' id='word_1_186' title='bbox 1028 1219 1066 1251; x_wconf 78' lang='lat' dir='ltr'>in</span> <span class='ocrx_word' id='word_1_187' title='bbox 1100 1220 1195 1252; x_wconf 75' lang='lat' dir='ltr'>omni</span> <span class='ocrx_word' id='word_1_188' title='bbox 1229 1218 1396 1252; x_wconf 75' lang='lat' dir='ltr'>Omnibus</span> <span class='ocrx_word' id='word_1_189' title='bbox 1429 1224 1587 1252; x_wconf 81' lang='lat' dir='ltr'>ornatum</span> 
     </span>
     <span class='ocr_line' id='line_1_21' title="bbox 183 1275 1586 1322; baseline 0 -13"><span class='ocrx_word' id='word_1_190' title='bbox 183 1276 323 1311; x_wconf 78' lang='lat' dir='ltr'>voluisti</span> <span class='ocrx_word' id='word_1_191' title='bbox 351 1277 510 1311; x_wconf 68' lang='lat' dir='ltr'>eoecellere</span> <span class='ocrx_word' id='word_1_192' title='bbox 541 1277 641 1312; x_wconf 74' lang='lat' dir='ltr'>rebus</span> <span class='ocrx_word' id='word_1_193' title='bbox 673 1286 733 1322; x_wconf 90' lang='lat' dir='ltr'>pro</span> <span class='ocrx_word' id='word_1_194' title='bbox 769 1275 908 1311; x_wconf 89' lang='lat' dir='ltr'>Memmi</span> <span class='ocrx_word' id='word_1_195' title='bbox 940 1276 1110 1320; x_wconf 86' lang='lat' dir='ltr'>gravitate</span> <span class='ocrx_word' id='word_1_196' title='bbox 1146 1287 1280 1311; x_wconf 88' lang='lat' dir='ltr'>versum</span> <span class='ocrx_word' id='word_1_197' title='bbox 1315 1286 1451 1321; x_wconf 87' lang='lat' dir='ltr'>quoque</span> <span class='ocrx_word' id='word_1_198' title='bbox 1478 1276 1586 1321; x_wconf 85' lang='lat' dir='ltr'>parti-</span> 
     </span>
     <span class='ocr_line' id='line_1_22' title="bbox 184 1333 1585 1382; baseline 0 -12"><span class='ocrx_word' id='word_1_199' title='bbox 184 1335 272 1381; x_wconf 86' lang='lat' dir='ltr'>cipio</span> <span class='ocrx_word' id='word_1_200' title='bbox 305 1336 464 1382; x_wconf 88' lang='lat' dir='ltr'>apposito</span> <span class='ocrx_word' id='word_1_201' title='bbox 495 1336 646 1381; x_wconf 84' lang='lat' dir='ltr'>graviter</span> <span class='ocrx_word' id='word_1_202' title='bbox 671 1334 831 1371; x_wconf 86' lang='lat' dir='ltr'>fluentem</span> <span class='ocrx_word' id='word_1_203' title='bbox 869 1338 948 1382; x_wconf 89' lang='lat' dir='ltr'>apte</span> <span class='ocrx_word' id='word_1_204' title='bbox 974 1339 1075 1382; x_wconf 87' lang='lat' dir='ltr'>poeta</span> <span class='ocrx_word' id='word_1_205' title='bbox 1101 1335 1344 1380; x_wconf 82' lang='lat' dir='ltr'>conformavit,</span> <span class='ocrx_word' id='word_1_206' title='bbox 1379 1338 1416 1370; x_wconf 92' lang='lat' dir='ltr'>ut</span> <span class='ocrx_word' id='word_1_207' title='bbox 1442 1333 1489 1370; x_wconf 90' lang='lat' dir='ltr'>IV</span> <span class='ocrx_word' id='word_1_208' title='bbox 1515 1336 1585 1371; x_wconf 84' lang='grc'>959</span> 
     </span>
     <span class='ocr_line' id='line_1_23' title="bbox 184 1394 1585 1441; baseline 0.001 -13"><span class='ocrx_word' id='word_1_209' title='bbox 184 1401 215 1428; x_wconf 78' lang='lat' dir='ltr'>et</span> <span class='ocrx_word' id='word_1_210' title='bbox 240 1407 306 1440; x_wconf 81' lang='lat' dir='ltr'>quo</span> <span class='ocrx_word' id='word_1_211' title='bbox 334 1397 479 1441; x_wconf 79' lang='lat' dir='ltr'>quisque</span> <span class='ocrx_word' id='word_1_212' title='bbox 500 1396 582 1441; x_wconf 87' lang='lat' dir='ltr'>fere</span> <span class='ocrx_word' id='word_1_213' title='bbox 611 1396 724 1429; x_wconf 76' lang='lat' dir='ltr'>studio</span> <span class='ocrx_word' id='word_1_214' title='bbox 756 1396 930 1429; x_wconf 67' lang='lat' dir='ltr'>devinctae</span> <span class='ocrx_word' id='word_1_215' title='bbox 956 1396 1119 1429; x_wconf 74' lang='lat' dir='ltr'>adhaeret</span> <span class='ocrx_word' id='word_1_216' title='bbox 1143 1394 1270 1440; x_wconf 88' lang='lat' dir='ltr'>duplici</span> <span class='ocrx_word' id='word_1_217' title='bbox 1298 1395 1448 1439; x_wconf 84' lang='lat' dir='ltr'>imagine</span> <span class='ocrx_word' id='word_1_218' title='bbox 1475 1395 1585 1429; x_wconf 89' lang='lat' dir='ltr'>homi—</span> 
     </span>
     <span class='ocr_line' id='line_1_24' title="bbox 185 1452 1583 1500; baseline 0.001 -14"><span class='ocrx_word' id='word_1_219' title='bbox 185 1464 260 1487; x_wconf 86' lang='lat' dir='ltr'>nem</span> <span class='ocrx_word' id='word_1_220' title='bbox 301 1453 465 1489; x_wconf 84' lang='lat' dir='ltr'>acriorem</span> <span class='ocrx_word' id='word_1_221' title='bbox 506 1458 540 1489; x_wconf 91' lang='lat' dir='ltr'>et</span> <span class='ocrx_word' id='word_1_222' title='bbox 571 1453 693 1488; x_wconf 90' lang='lat' dir='ltr'>studiis</span> <span class='ocrx_word' id='word_1_223' title='bbox 726 1454 796 1487; x_wconf 91' lang='lat' dir='ltr'>suis</span> <span class='ocrx_word' id='word_1_224' title='bbox 829 1453 938 1498; x_wconf 87' lang='lat' dir='ltr'>magis</span> <span class='ocrx_word' id='word_1_225' title='bbox 970 1452 1174 1500; x_wconf 89' lang='lat' dir='ltr'>implicitum</span> <span class='ocrx_word' id='word_1_226' title='bbox 1216 1453 1374 1499; x_wconf 81' lang='lat' dir='ltr'>depinxit</span> <span class='ocrx_word' id='word_1_227' title='bbox 1412 1464 1514 1498; x_wconf 87' lang='lat' dir='ltr'>quam</span> <span class='ocrx_word' id='word_1_228' title='bbox 1555 1454 1583 1487; x_wconf 88' lang='lat' dir='ltr'>si</span> 
     </span>
     <span class='ocr_line' id='line_1_25' title="bbox 185 1511 1580 1559; baseline 0.001 -14"><span class='ocrx_word' id='word_1_229' title='bbox 185 1511 389 1558; x_wconf 89' lang='lat' dir='ltr'>simpliciter</span> <span class='ocrx_word' id='word_1_230' title='bbox 416 1512 560 1547; x_wconf 81' lang='lat' dir='ltr'>dixisset</span> <span class='ocrx_word' id='word_1_231' title='bbox 585 1525 652 1559; x_wconf 80' lang='lat' dir='ltr'>quo</span> <span class='ocrx_word' id='word_1_232' title='bbox 679 1514 791 1547; x_wconf 76' lang='lat' dir='ltr'>studio</span> <span class='ocrx_word' id='word_1_233' title='bbox 810 1513 984 1547; x_wconf 73' lang='lat' dir='ltr'>devinctus</span> <span class='ocrx_word' id='word_1_234' title='bbox 1003 1519 1051 1547; x_wconf 79' lang='lat' dir='ltr'>est</span> <span class='ocrx_word' id='word_1_235' title='bbox 1064 1511 1117 1546; x_wconf 87' lang='lat' dir='ltr'>vel</span> <span class='ocrx_word' id='word_1_236' title='bbox 1136 1514 1193 1546; x_wconf 82' lang='lat' dir='ltr'>cui</span> <span class='ocrx_word' id='word_1_237' title='bbox 1209 1513 1322 1547; x_wconf 75' lang='lat' dir='ltr'>studio</span> <span class='ocrx_word' id='word_1_238' title='bbox 1343 1513 1516 1547; x_wconf 70' lang='lat' dir='ltr'>adhaeret.</span> <span class='ocrx_word' id='word_1_239' title='bbox 1537 1533 1580 1538; x_wconf 84' lang='lat'>—</span> 
     </span>
     <span class='ocr_line' id='line_1_26' title="bbox 184 1569 1579 1618; baseline 0 -13"><span class='ocrx_word' id='word_1_240' title='bbox 184 1569 296 1606; x_wconf 91' lang='lat' dir='ltr'>Minus</span> <span class='ocrx_word' id='word_1_241' title='bbox 327 1571 497 1617; x_wconf 81' lang='lat' dir='ltr'>ponderis</span> <span class='ocrx_word' id='word_1_242' title='bbox 524 1582 625 1617; x_wconf 88' lang='lat' dir='ltr'>quam</span> <span class='ocrx_word' id='word_1_243' title='bbox 657 1571 709 1606; x_wconf 88' lang='lat' dir='ltr'>his</span> <span class='ocrx_word' id='word_1_244' title='bbox 741 1571 824 1606; x_wconf 88' lang='lat' dir='ltr'>locis</span> <span class='ocrx_word' id='word_1_245' title='bbox 850 1571 1034 1618; x_wconf 89' lang='lat' dir='ltr'>participio</span> <span class='ocrx_word' id='word_1_246' title='bbox 1060 1571 1205 1606; x_wconf 84' lang='lat' dir='ltr'>fortasse</span> <span class='ocrx_word' id='word_1_247' title='bbox 1233 1569 1319 1606; x_wconf 88' lang='lat' dir='ltr'>effici</span> <span class='ocrx_word' id='word_1_248' title='bbox 1348 1570 1439 1606; x_wconf 89' lang='lat' dir='ltr'>dices</span> <span class='ocrx_word' id='word_1_249' title='bbox 1466 1570 1501 1605; x_wconf 91' lang='lat' dir='ltr'>in</span> <span class='ocrx_word' id='word_1_250' title='bbox 1530 1582 1579 1605; x_wconf 86' lang='lat' dir='ltr'>vs.</span> 
     </span>
     <span class='ocr_line' id='line_1_27' title="bbox 183 1627 1580 1677; baseline 0.001 -14"><span class='ocrx_word' id='word_1_251' title='bbox 183 1628 197 1662; x_wconf 93' lang='lat' dir='ltr'>I</span> <span class='ocrx_word' id='word_1_252' title='bbox 223 1627 356 1675; x_wconf 77' lang='lat' dir='ltr'><strong><em>343s44</em></strong></span> <span class='ocrx_word' id='word_1_253' title='bbox 382 1643 451 1665; x_wconf 77' lang='lat' dir='ltr'>non</span> <span class='ocrx_word' id='word_1_254' title='bbox 478 1638 548 1665; x_wconf 79' lang='lat' dir='ltr'>tam</span> <span class='ocrx_word' id='word_1_255' title='bbox 574 1632 719 1665; x_wconf 72' lang='lat' dir='ltr'>sollicito</span> <span class='ocrx_word' id='word_1_256' title='bbox 746 1637 839 1665; x_wconf 79' lang='lat' dir='ltr'>motu</span> <span class='ocrx_word' id='word_1_257' title='bbox 862 1632 1003 1677; x_wconf 75' lang='lat' dir='ltr'>privata</span> <span class='ocrx_word' id='word_1_258' title='bbox 1030 1638 1199 1674; x_wconf 74' lang='lat' dir='ltr'>carerent,</span> <span class='ocrx_word' id='word_1_259' title='bbox 1230 1630 1343 1674; x_wconf 81' lang='lat' dir='ltr'>Quam</span> <span class='ocrx_word' id='word_1_260' title='bbox 1363 1632 1480 1675; x_wconf 72' lang='lat' dir='ltr'>yenita</span> <span class='ocrx_word' id='word_1_261' title='bbox 1508 1643 1580 1666; x_wconf 83' lang='lat' dir='ltr'>om-</span> 
     </span>
     <span class='ocr_line' id='line_1_28' title="bbox 182 1688 1580 1736; baseline 0.001 -14"><span class='ocrx_word' id='word_1_262' title='bbox 182 1689 264 1723; x_wconf 72' lang='lat' dir='ltr'>nino</span> <span class='ocrx_word' id='word_1_263' title='bbox 296 1689 394 1724; x_wconf 80' lang='lat' dir='ltr'>nulla</span> <span class='ocrx_word' id='word_1_264' title='bbox 425 1691 560 1724; x_wconf 78' lang='lat' dir='ltr'>ratione</span> <span class='ocrx_word' id='word_1_265' title='bbox 580 1690 754 1736; x_wconf 71' lang='lat' dir='ltr'>fuissent3</span> <span class='ocrx_word' id='word_1_266' title='bbox 793 1699 872 1723; x_wconf 89' lang='lat' dir='ltr'>nam</span> <span class='ocrx_word' id='word_1_267' title='bbox 905 1688 1068 1735; x_wconf 86' lang='lat' dir='ltr'>primaria</span> <span class='ocrx_word' id='word_1_268' title='bbox 1101 1688 1346 1724; x_wconf 87' lang='lat' dir='ltr'>enuntiationis</span> <span class='ocrx_word' id='word_1_269' title='bbox 1379 1699 1459 1735; x_wconf 89' lang='lat' dir='ltr'>pars</span> <span class='ocrx_word' id='word_1_270' title='bbox 1495 1688 1580 1723; x_wconf 89' lang='lat' dir='ltr'>nihil</span> 
     </span>
     <span class='ocr_line' id='line_1_29' title="bbox 183 1747 1580 1795; baseline 0.001 -13"><span class='ocrx_word' id='word_1_271' title='bbox 183 1747 318 1783; x_wconf 90' lang='lat' dir='ltr'>videtur</span> <span class='ocrx_word' id='word_1_272' title='bbox 343 1748 531 1793; x_wconf 78' lang='lat' dir='ltr'>continere,</span> <span class='ocrx_word' id='word_1_273' title='bbox 558 1749 649 1795; x_wconf 92' lang='lat' dir='ltr'>quod</span> <span class='ocrx_word' id='word_1_274' title='bbox 676 1752 797 1795; x_wconf 84' lang='lat' dir='ltr'>poetae</span> <span class='ocrx_word' id='word_1_275' title='bbox 824 1748 973 1795; x_wconf 90' lang='lat' dir='ltr'>simplici</span> <span class='ocrx_word' id='word_1_276' title='bbox 999 1748 1135 1783; x_wconf 88' lang='lat' dir='ltr'>carendi</span> <span class='ocrx_word' id='word_1_277' title='bbox 1165 1748 1267 1783; x_wconf 86' lang='lat' dir='ltr'>verbo</span> <span class='ocrx_word' id='word_1_278' title='bbox 1295 1747 1416 1783; x_wconf 86' lang='lat' dir='ltr'>efferre</span> <span class='ocrx_word' id='word_1_279' title='bbox 1443 1759 1511 1783; x_wconf 91' lang='lat' dir='ltr'>non</span> <span class='ocrx_word' id='word_1_280' title='bbox 1538 1747 1580 1783; x_wconf 91' lang='lat' dir='ltr'>li-</span> 
     </span>
     <span class='ocr_line' id='line_1_30' title="bbox 182 1799 1641 1853; baseline 0.001 -12"><span class='ocrx_word' id='word_1_281' title='bbox 182 1807 301 1842; x_wconf 87' lang='lat' dir='ltr'>cuerit.</span> <span class='ocrx_word' id='word_1_282' title='bbox 359 1806 425 1842; x_wconf 89' lang='lat' dir='ltr'>Sed</span> <span class='ocrx_word' id='word_1_283' title='bbox 453 1808 481 1842; x_wconf 88' lang='lat' dir='ltr'>si</span> <span class='ocrx_word' id='word_1_284' title='bbox 509 1808 584 1853; x_wconf 92' lang='lat' dir='ltr'>quis</span> <span class='ocrx_word' id='word_1_285' title='bbox 610 1808 645 1842; x_wconf 93' lang='lat' dir='ltr'>in</span> <span class='ocrx_word' id='word_1_286' title='bbox 672 1807 735 1842; x_wconf 89' lang='lat' dir='ltr'>hac</span> <span class='ocrx_word' id='word_1_287' title='bbox 761 1808 859 1852; x_wconf 86' lang='lat' dir='ltr'>quasi</span> <span class='ocrx_word' id='word_1_288' title='bbox 887 1807 1021 1842; x_wconf 90' lang='lat' dir='ltr'>dicendi</span> <span class='ocrx_word' id='word_1_289' title='bbox 1048 1807 1205 1842; x_wconf 85' lang='lat' dir='ltr'>molestia</span> <span class='ocrx_word' id='word_1_290' title='bbox 1232 1812 1367 1853; x_wconf 87' lang='lat' dir='ltr'>poetam</span> <span class='ocrx_word' id='word_1_291' title='bbox 1397 1808 1444 1843; x_wconf 86' lang='lat' dir='ltr'>ita</span> <span class='ocrx_word' id='word_1_292' title='bbox 1464 1807 1579 1843; x_wconf 88' lang='lat' dir='ltr'>defen·</span> <span class='ocrx_word' id='word_1_293' title='bbox 1636 1799 1641 1803; x_wconf 39' lang='lat'><strong>³</strong></span> 
     </span>
     <span class='ocr_line' id='line_1_31' title="bbox 181 1865 1579 1913; baseline 0.001 -13"><span class='ocrx_word' id='word_1_294' title='bbox 181 1866 250 1910; x_wconf 85' lang='lat' dir='ltr'>dat,</span> <span class='ocrx_word' id='word_1_295' title='bbox 278 1868 315 1901; x_wconf 93' lang='lat' dir='ltr'>ut</span> <span class='ocrx_word' id='word_1_296' title='bbox 341 1877 408 1901; x_wconf 91' lang='lat' dir='ltr'>non</span> <span class='ocrx_word' id='word_1_297' title='bbox 436 1867 552 1903; x_wconf 87' lang='lat' dir='ltr'>omnia</span> <span class='ocrx_word' id='word_1_298' title='bbox 578 1865 790 1913; x_wconf 89' lang='lat' dir='ltr'>superbioris</span> <span class='ocrx_word' id='word_1_299' title='bbox 816 1865 935 1902; x_wconf 90' lang='lat' dir='ltr'>iudicii</span> <span class='ocrx_word' id='word_1_300' title='bbox 962 1867 1161 1902; x_wconf 88' lang='lat' dir='ltr'>morositate</span> <span class='ocrx_word' id='word_1_301' title='bbox 1188 1866 1391 1913; x_wconf 87' lang='lat' dir='ltr'>pensitanda</span> <span class='ocrx_word' id='word_1_302' title='bbox 1415 1877 1489 1902; x_wconf 87' lang='lat' dir='ltr'>esse</span> <span class='ocrx_word' id='word_1_303' title='bbox 1507 1877 1579 1901; x_wconf 92' lang='lat' dir='ltr'>mo-</span> 
     </span>
     <span class='ocr_line' id='line_1_32' title="bbox 181 1925 1579 1972; baseline 0.001 -13"><span class='ocrx_word' id='word_1_304' title='bbox 181 1928 272 1970; x_wconf 86' lang='lat' dir='ltr'>neat,</span> <span class='ocrx_word' id='word_1_305' title='bbox 298 1925 328 1960; x_wconf 92' lang='lat' dir='ltr'>is</span> <span class='ocrx_word' id='word_1_306' title='bbox 353 1925 443 1960; x_wconf 86' lang='lat' dir='ltr'>male</span> <span class='ocrx_word' id='word_1_307' title='bbox 469 1926 577 1960; x_wconf 88' lang='lat' dir='ltr'>servit</span> <span class='ocrx_word' id='word_1_308' title='bbox 601 1925 761 1960; x_wconf 84' lang='lat' dir='ltr'>Lucretio</span> <span class='ocrx_word' id='word_1_309' title='bbox 789 1928 823 1960; x_wconf 86' lang='lat' dir='ltr'>et</span> <span class='ocrx_word' id='word_1_310' title='bbox 849 1926 1045 1961; x_wconf 83' lang='lat' dir='ltr'>excusando</span> <span class='ocrx_word' id='word_1_311' title='bbox 1066 1928 1202 1961; x_wconf 89' lang='lat' dir='ltr'>accusat</span> <span class='ocrx_word' id='word_1_312' title='bbox 1219 1928 1370 1972; x_wconf 79' lang='lat' dir='ltr'>poetam3</span> <span class='ocrx_word' id='word_1_313' title='bbox 1398 1936 1475 1960; x_wconf 88' lang='lat' dir='ltr'>nam</span> <span class='ocrx_word' id='word_1_314' title='bbox 1496 1925 1579 1960; x_wconf 89' lang='lat' dir='ltr'>haec</span> 
     </span>
     <span class='ocr_line' id='line_1_33' title="bbox 182 1977 1578 2031; baseline 0 -12"><span class='ocrx_word' id='word_1_315' title='bbox 182 1995 315 2030; x_wconf 92' lang='lat' dir='ltr'>quoque</span> <span class='ocrx_word' id='word_1_316' title='bbox 342 1984 456 2031; x_wconf 89' lang='lat' dir='ltr'>potius</span> <span class='ocrx_word' id='word_1_317' title='bbox 484 1984 728 2020; x_wconf 86' lang='lat' dir='ltr'>deliberantem</span> <span class='ocrx_word' id='word_1_318' title='bbox 758 1977 859 2030; x_wconf 84' lang='lat' dir='ltr'>quam</span> <span class='ocrx_word' id='word_1_319' title='bbox 887 1984 1126 2030; x_wconf 84' lang='lat' dir='ltr'>neglegentem</span> <span class='ocrx_word' id='word_1_320' title='bbox 1144 1988 1279 2031; x_wconf 87' lang='lat' dir='ltr'>poetam</span> <span class='ocrx_word' id='word_1_321' title='bbox 1299 1984 1492 2029; x_wconf 83' lang='lat' dir='ltr'>ostendunt,</span> <span class='ocrx_word' id='word_1_322' title='bbox 1521 1985 1578 2030; x_wconf 90' lang='lat' dir='ltr'>qui</span> 
     </span>
     <span class='ocr_line' id='line_1_34' title="bbox 185 2043 1580 2089; baseline 0 -11"><span class='ocrx_word' id='word_1_323' title='bbox 185 2043 373 2079; x_wconf 84' lang='lat' dir='ltr'>orationem</span> <span class='ocrx_word' id='word_1_324' title='bbox 408 2054 530 2079; x_wconf 89' lang='lat' dir='ltr'>ornare</span> <span class='ocrx_word' id='word_1_325' title='bbox 562 2047 596 2078; x_wconf 90' lang='lat' dir='ltr'>et</span> <span class='ocrx_word' id='word_1_326' title='bbox 627 2043 783 2079; x_wconf 83' lang='lat' dir='ltr'>excolere</span> <span class='ocrx_word' id='word_1_327' title='bbox 816 2044 973 2079; x_wconf 89' lang='lat' dir='ltr'>omnibus</span> <span class='ocrx_word' id='word_1_328' title='bbox 1005 2044 1116 2079; x_wconf 86' lang='lat' dir='ltr'>modis</span> <span class='ocrx_word' id='word_1_329' title='bbox 1147 2044 1260 2079; x_wconf 86' lang='lat' dir='ltr'>studet</span> <span class='ocrx_word' id='word_1_330' title='bbox 1292 2054 1401 2089; x_wconf 89' lang='lat' dir='ltr'>neque</span> <span class='ocrx_word' id='word_1_331' title='bbox 1432 2043 1515 2078; x_wconf 84' lang='lat' dir='ltr'>talia</span> <span class='ocrx_word' id='word_1_332' title='bbox 1542 2047 1580 2078; x_wconf 92' lang='lat' dir='ltr'>ut</span> 
     </span>
     <span class='ocr_line' id='line_1_35' title="bbox 180 2101 1578 2148; baseline 0 -11"><span class='ocrx_word' id='word_1_333' title='bbox 180 2113 342 2137; x_wconf 88' lang='lat' dir='ltr'>numerus</span> <span class='ocrx_word' id='word_1_334' title='bbox 376 2101 555 2148; x_wconf 82' lang='lat' dir='ltr'>expleatur</span> <span class='ocrx_word' id='word_1_335' title='bbox 584 2101 730 2137; x_wconf 89' lang='lat' dir='ltr'>futiliter</span> <span class='ocrx_word' id='word_1_336' title='bbox 764 2103 940 2148; x_wconf 89' lang='lat' dir='ltr'>componit</span> <span class='ocrx_word' id='word_1_337' title='bbox 972 2102 1031 2137; x_wconf 90' lang='lat' dir='ltr'>sed</span> <span class='ocrx_word' id='word_1_338' title='bbox 1058 2102 1111 2138; x_wconf 88' lang='lat' dir='ltr'>his</span> <span class='ocrx_word' id='word_1_339' title='bbox 1138 2103 1267 2137; x_wconf 84' lang='lat' dir='ltr'>deliciis</span> <span class='ocrx_word' id='word_1_340' title='bbox 1295 2102 1473 2137; x_wconf 83' lang='lat' dir='ltr'>rhetoricis</span> <span class='ocrx_word' id='word_1_341' title='bbox 1500 2113 1578 2137; x_wconf 88' lang='lat' dir='ltr'>sen—</span> 
     </span>
     <span class='ocr_line' id='line_1_36' title="bbox 179 2160 1579 2208; baseline -0.001 -11"><span class='ocrx_word' id='word_1_342' title='bbox 179 2162 320 2197; x_wconf 88' lang='lat' dir='ltr'>tentiam</span> <span class='ocrx_word' id='word_1_343' title='bbox 349 2160 535 2208; x_wconf 88' lang='lat' dir='ltr'>amplificat</span> <span class='ocrx_word' id='word_1_344' title='bbox 561 2172 765 2207; x_wconf 85' lang='lat' dir='ltr'>versumque</span> <span class='ocrx_word' id='word_1_345' title='bbox 792 2165 946 2197; x_wconf 81' lang='lat' dir='ltr'>exornat.</span> <span class='ocrx_word' id='word_1_346' title='bbox 998 2161 1069 2197; x_wconf 89' lang='lat' dir='ltr'>Nec</span> <span class='ocrx_word' id='word_1_347' title='bbox 1096 2165 1175 2197; x_wconf 91' lang='lat' dir='ltr'>sunt</span> <span class='ocrx_word' id='word_1_348' title='bbox 1201 2172 1240 2196; x_wconf 91' lang='lat' dir='ltr'>ea</span> <span class='ocrx_word' id='word_1_349' title='bbox 1267 2171 1353 2207; x_wconf 88' lang='lat' dir='ltr'>quae</span> <span class='ocrx_word' id='word_1_350' title='bbox 1380 2160 1479 2196; x_wconf 89' lang='lat' dir='ltr'>attuli</span> <span class='ocrx_word' id='word_1_351' title='bbox 1506 2161 1579 2197; x_wconf 91' lang='lat' dir='ltr'>sola</span> 
     </span>
     <span class='ocr_line' id='line_1_37' title="bbox 179 2220 1581 2268; baseline 0.001 -12"><span class='ocrx_word' id='word_1_352' title='bbox 179 2221 337 2268; x_wconf 83' lang='lat' dir='ltr'>exempla</span> <span class='ocrx_word' id='word_1_353' title='bbox 367 2220 426 2256; x_wconf 89' lang='lat' dir='ltr'>sed</span> <span class='ocrx_word' id='word_1_354' title='bbox 456 2221 678 2256; x_wconf 87' lang='lat' dir='ltr'>inveniuntur</span> <span class='ocrx_word' id='word_1_355' title='bbox 708 2221 860 2257; x_wconf 89' lang='lat' dir='ltr'>eiusdem</span> <span class='ocrx_word' id='word_1_356' title='bbox 888 2221 1022 2266; x_wconf 85' lang='lat' dir='ltr'>generis</span> <span class='ocrx_word' id='word_1_357' title='bbox 1050 2221 1117 2256; x_wconf 86' lang='lat' dir='ltr'>alia</span> <span class='ocrx_word' id='word_1_358' title='bbox 1142 2220 1236 2256; x_wconf 87' lang='lat' dir='ltr'>velut</span> <span class='ocrx_word' id='word_1_359' title='bbox 1261 2221 1295 2255; x_wconf 93' lang='lat' dir='ltr'>in</span> <span class='ocrx_word' id='word_1_360' title='bbox 1322 2232 1354 2255; x_wconf 93' lang='lat' dir='ltr'>v.</span> <span class='ocrx_word' id='word_1_361' title='bbox 1383 2220 1396 2255; x_wconf 97' lang='grc' dir='ltr'>Ι</span> <span class='ocrx_word' id='word_1_362' title='bbox 1423 2222 1495 2256; x_wconf 79' lang='grc'>423</span> <span class='ocrx_word' id='word_1_363' title='bbox 1523 2224 1581 2257; x_wconf 83' lang='lat' dir='ltr'>cui</span> 
     </span>
     <span class='ocr_line' id='line_1_38' title="bbox 179 2278 1579 2332; baseline 0.001 -17"><span class='ocrx_word' id='word_1_364' title='bbox 179 2278 367 2325; x_wconf 90' lang='lat' dir='ltr'>(communi</span> <span class='ocrx_word' id='word_1_365' title='bbox 394 2280 522 2323; x_wconf 85' lang='lat' dir='ltr'>sensui)</span> <span class='ocrx_word' id='word_1_366' title='bbox 550 2282 620 2316; x_wconf 72' lang='lat' dir='ltr'>nisi</span> <span class='ocrx_word' id='word_1_367' title='bbox 641 2282 761 2328; x_wconf 76' lang='lat' dir='ltr'>prima</span> <span class='ocrx_word' id='word_1_368' title='bbox 780 2282 872 2332; x_wconf 75' lang='lat' dir='ltr'>fides</span> <span class='ocrx_word' id='word_1_369' title='bbox 889 2282 1047 2327; x_wconf 68' lang='lat' dir='ltr'>fundata</span> <span class='ocrx_word' id='word_1_370' title='bbox 1072 2281 1198 2315; x_wconf 77' lang='lat' dir='ltr'>valebit</span> <span class='ocrx_word' id='word_1_371' title='bbox 1223 2290 1309 2325; x_wconf 87' lang='lat' dir='ltr'>quae</span> <span class='ocrx_word' id='word_1_372' title='bbox 1335 2283 1427 2315; x_wconf 86' lang='lat' dir='ltr'>recte</span> <span class='ocrx_word' id='word_1_373' title='bbox 1446 2279 1579 2317; x_wconf 89' lang='lat' dir='ltr'>Bocke·</span> 
     </span>
     <span class='ocr_line' id='line_1_39' title="bbox 179 2338 1580 2387; baseline 0.001 -12"><span class='ocrx_word' id='word_1_374' title='bbox 179 2339 363 2376; x_wconf 87' lang='lat' dir='ltr'>muellerus</span> <span class='ocrx_word' id='word_1_375' title='bbox 382 2340 645 2387; x_wconf 59' lang='lat' dir='ltr'>interpretatum</span> <span class='ocrx_word' id='word_1_376' title='bbox 668 2344 749 2376; x_wconf 93' lang='lat' dir='ltr'>sunt</span> <span class='ocrx_word' id='word_1_377' title='bbox 767 2341 857 2376; x_wconf 92' lang='lat' dir='ltr'>enim</span> <span class='ocrx_word' id='word_1_378' title='bbox 877 2341 926 2375; x_wconf 90' lang='lat' dir='ltr'>sic</span> <span class='ocrx_word' id='word_1_379' title='bbox 944 2339 1191 2385; x_wconf 85' lang='lat' dir='ltr'>intellegenda:</span> <span class='ocrx_word' id='word_1_380' title='bbox 1219 2349 1317 2374; x_wconf 88' lang='lat' dir='ltr'>wenn</span> <span class='ocrx_word' id='word_1_381' title='bbox 1336 2338 1464 2376; x_wconf 89' lang='lat' dir='ltr'>diesem</span> <span class='ocrx_word' id='word_1_382' title='bbox 1484 2340 1580 2377; x_wconf 90' lang='lat' dir='ltr'>nicht</span> 
     </span>
     <span class='ocr_line' id='line_1_40' title="bbox 178 2397 1576 2445; baseline 0.001 -12"><span class='ocrx_word' id='word_1_383' title='bbox 178 2398 231 2433; x_wconf 86' lang='lat' dir='ltr'>die</span> <span class='ocrx_word' id='word_1_384' title='bbox 264 2399 375 2444; x_wconf 87' lang='lat' dir='ltr'>prima</span> <span class='ocrx_word' id='word_1_385' title='bbox 406 2399 490 2434; x_wconf 84' lang='lat' dir='ltr'>fides</span> <span class='ocrx_word' id='word_1_386' title='bbox 521 2399 692 2444; x_wconf 84' lang='lat' dir='ltr'>gesichert</span> <span class='ocrx_word' id='word_1_387' title='bbox 722 2402 776 2434; x_wconf 90' lang='lat' dir='ltr'>ist.</span> <span class='ocrx_word' id='word_1_388' title='bbox 835 2399 955 2433; x_wconf 87' lang='lat' dir='ltr'>Munro</span> <span class='ocrx_word' id='word_1_389' title='bbox 988 2400 1061 2433; x_wconf 91' lang='lat' dir='ltr'>sine</span> <span class='ocrx_word' id='word_1_390' title='bbox 1092 2410 1194 2432; x_wconf 83' lang='lat' dir='ltr'>causa</span> <span class='ocrx_word' id='word_1_391' title='bbox 1220 2397 1440 2434; x_wconf 81' lang='lat' dir='ltr'>difficultates</span> <span class='ocrx_word' id='word_1_392' title='bbox 1468 2405 1576 2445; x_wconf 84' lang='lat' dir='ltr'>parat,</span> 
     </span>
     <span class='ocr_line' id='line_1_41' title="bbox 177 2457 1576 2504; baseline 0 -12"><span class='ocrx_word' id='word_1_393' title='bbox 177 2468 253 2492; x_wconf 90' lang='lat' dir='ltr'>cum</span> <span class='ocrx_word' id='word_1_394' title='bbox 285 2457 436 2492; x_wconf 89' lang='lat' dir='ltr'>dativum</span> <span class='ocrx_word' id='word_1_395' title='bbox 472 2460 529 2493; x_wconf 81' lang='lat' dir='ltr'>cui</span> <span class='ocrx_word' id='word_1_396' title='bbox 558 2458 688 2493; x_wconf 91' lang='lat' dir='ltr'>nomini</span> <span class='ocrx_word' id='word_1_397' title='bbox 710 2459 800 2503; x_wconf 76' lang='lat' dir='ltr'>fides</span> <span class='ocrx_word' id='word_1_398' title='bbox 834 2457 1007 2502; x_wconf 80' lang='lat' dir='ltr'>attribuit,</span> <span class='ocrx_word' id='word_1_399' title='bbox 1040 2457 1128 2503; x_wconf 90' lang='lat' dir='ltr'>quod</span> <span class='ocrx_word' id='word_1_400' title='bbox 1164 2457 1332 2504; x_wconf 84' lang='lat' dir='ltr'>exemplis</span> <span class='ocrx_word' id='word_1_401' title='bbox 1361 2459 1483 2504; x_wconf 87' lang='lat' dir='ltr'>probat</span> <span class='ocrx_word' id='word_1_402' title='bbox 1509 2469 1576 2493; x_wconf 92' lang='lat' dir='ltr'>non</span> 
     </span>
    </p>
   </div>
  </div>
 </body>
</html>
