1835 2765
890 64 936 99 61

212 160 293 207 795,
320 160 366 197 VI
395 161 479 207 858,
506 162 590 208 870,
617 159 705 208 948)
732 160 785 197 vel
800 162 929 208 fervor
954 158 999 207 (V
1025 161 1107 206 603,
1135 159 1180 197 VI
1205 160 1303 207 656),
1319 162 1486 208 fervidus
1504 161 1614 197 ardor

210 219 254 263 (V
280 221 363 266 204,
395 221 513 267 1097),
537 222 673 268 qelidus
699 223 797 269 riqor
824 219 869 265 (V
888 220 985 263 638).
1035 221 1157 266 Itaque
1183 220 1269 255 nihil
1295 231 1419 256 causae
1438 223 1524 266 erat,
1551 230 1613 255 cur

209 276 508 317 Bockemuellerus
533 281 570 317 in
596 282 743 318 utilitate
769 287 968 330 opportuna
985 279 1029 315 Vl
1046 281 1116 316 893
1143 278 1342 325 offenderet,
1369 284 1611 328 praeterquam

209 339 300 385 quod
326 341 465 376 omnino
491 340 588 376 nulla
613 344 708 377 extat
733 341 769 376 in
795 340 849 375 his
877 339 989 375 verbis
1016 338 1245 382 abundantia3
1277 350 1356 374 nam
1389 339 1520 375 utilitas
1551 351 1612 386 op-

209 401 358 443 portuna
390 402 442 434 est
474 399 564 445 quod
590 410 653 434 nos
686 399 832 435 dicimus
859 398 935 434 eine
960 397 1064 433 Hfilfe
1095 397 1132 432 in
1159 397 1220 432 der
1244 397 1331 442 Not,
1366 409 1386 432 a
1411 398 1613 434 seasonable

209 455 288 503 help
315 457 351 492 in
376 457 474 503 need,
501 461 539 493 ut
564 457 686 493 Munro
713 458 827 494 vertit.
879 456 1007 493 Contra
1039 457 1152 492 verius
1184 456 1332 492 fortasse
1365 459 1494 492 statuat
1520 457 1612 503 quis-

209 515 301 562 piam
335 516 503 553 adiectivo
537 517 652 553 addito
687 517 893 554 sententiam
928 516 1078 552 nominis
1110 527 1178 552 non
1212 515 1358 561 variari,
1389 515 1478 561 quod
1511 519 1614 563 poeta

209 575 413 611 adiectivum
437 589 552 621 rarus,
580 576 669 622 quod
695 576 921 613 substantivis
948 579 1028 622 apte
1054 576 1227 620 tribuitur,
1256 575 1298 611 ad
1326 575 1404 622 ipsa
1430 585 1611 621 corporum

208 633 380 670 foramina
406 633 450 677 (V
476 633 563 681 457)
590 635 642 671 vel
669 636 742 671 vias
769 635 829 679 (VI
855 636 927 672 332
947 648 1016 683 per
1040 648 1127 671 rara
1152 637 1290 670 viarum
1316 634 1348 670 h.
1374 645 1402 670 e.
1419 646 1487 682 per
1510 647 1613 669 raras

209 694 297 736 vias)
325 693 491 729 transfert
508 697 543 730 et
560 694 649 740 quod
667 705 822 730 umorem
841 705 950 740 aquae
969 695 1142 742 liquidum
1162 694 1315 741 appellat
1332 695 1349 730 I
1368 695 1453 740 349,
1480 693 1527 729 ΙΙΙ
1541 694 1611 729 427

209 751 252 787 cf.
272 751 302 787 II
329 749 472 800 992193,
500 753 548 789 ita
574 756 613 789 ut
638 764 714 788 eum
742 765 855 789 rorem
873 754 1031 800 liquoris,
1057 753 1090 789 h.
1110 765 1139 789 e.
1157 767 1271 790 rorem
1287 754 1461 801 liquidum
1478 753 1614 789 abunde

209 811 339 848 dixisse
373 812 528 848 videmus
561 812 575 848 Ι
603 813 684 848 771.
736 812 851 848 Etiam
885 812 976 859 apud
1008 812 1167 849 Ovidium
1201 813 1424 849 inveniuntur
1457 814 1614 861 liquidae

209 884 322 918 aquae
346 871 381 906 in
409 871 490 907 Met.
504 871 568 907 XV
594 872 665 908 246
692 872 871 918 oppositae
896 870 976 906 illae
1002 871 1111 906 solido
1137 876 1249 908 terrae
1275 873 1422 919 corpori.

308 929 376 966 Sed
401 941 479 966 cum
504 930 540 966 in
567 930 851 977 praecedentibus
877 929 919 966 de
944 930 1113 975 genetivis
1140 933 1175 967 et
1191 930 1367 967 adiectivis
1386 931 1531 966 dixerim
1551 942 1613 967 no-

209 989 359 1026 minibus
385 990 520 1027 abunde
547 989 699 1036 adiectis,
730 990 766 1025 in
792 989 860 1026 fine
886 990 987 1026 huius
1014 990 1123 1036 partis
1150 989 1294 1025 aliorum
1323 991 1535 1036 quorundam
1562 990 1614 1026 lo-

209 1061 326 1086 corum
353 1050 562 1086 mentionem
588 1050 701 1086 facere
727 1049 812 1085 mihi
845 1049 967 1095 liceat,
999 1049 1057 1085 ubi
1084 1049 1322 1085 additamenta
1348 1050 1514 1095 quaedam
1543 1061 1612 1085 non

209 1109 404 1146 nominibus
427 1109 488 1145 sed
514 1108 602 1145 alius
627 1109 763 1154 generis
790 1108 903 1144 verbis
931 1119 1222 1155 supervacaneum
1242 1108 1278 1143 in
1297 1108 1435 1143 modum
1455 1109 1613 1155 apposita

209 1168 413 1205 invenimus.
461 1167 537 1204 Huc
563 1168 653 1204 enim
682 1168 791 1204 refero
819 1167 1005 1203 ablativum
1033 1167 1131 1203 illum
1158 1180 1300 1203 numero
1327 1166 1562 1203 numeralibus
1581 1171 1615 1203 et

211 1227 371 1264 adverbio
398 1240 500 1276 saepe
525 1227 659 1264 abunde
686 1227 839 1263 additum
867 1227 959 1271 (vide
984 1226 1070 1263 vs.I
1095 1227 1167 1263 432
1194 1228 1290 1275 quod
1315 1229 1421 1275 quasi
1444 1229 1547 1263 tertia
1571 1230 1616 1264 sit

209 1301 350 1324 numero
375 1295 503 1324 natura
528 1294 666 1335 reperta
693 1290 727 1323 et
752 1286 798 1322 VI
824 1287 896 1322 414
923 1294 960 1323 at
984 1294 1117 1335 saepest
1141 1300 1284 1323 numero
1301 1287 1444 1334 factum
1467 1288 1617 1335 fierique

209 1347 384 1392 necessest)
419 1347 541 1383 deinde
573 1346 657 1382 illud
683 1348 764 1382 inde
790 1347 859 1382 loci
884 1346 913 1381 V
930 1347 1014 1392 443,
1043 1347 1126 1392 739,
1154 1347 1224 1381 788
1252 1346 1287 1381 in
1316 1346 1482 1393 temporis
1509 1347 1616 1392 signi-

213 1406 384 1452 ficatione,
411 1406 453 1442 de
480 1418 545 1452 quo
572 1406 614 1442 cf.
633 1405 831 1453 Zumptium
855 1405 890 1440 in
915 1417 965 1450 gr.
984 1404 1061 1441 Lat.
1080 1404 1100 1450 ξ
1118 1406 1202 1450 434,
1230 1416 1333 1452 porro
1352 1405 1458 1442 verba
1486 1408 1617 1454 quippe

211 1468 333 1501 etenim
354 1468 471 1514 primo
499 1467 603 1513 quasi
627 1466 799 1512 quendam
831 1466 960 1500 conciet
989 1472 1120 1500 aestum
1143 1464 1180 1499 in
1213 1476 1245 1499 v,
1269 1464 1315 1499 VI
1342 1465 1430 1510 826,
1463 1466 1522 1500 ubi
1555 1465 1615 1501 ad-

210 1524 326 1561 iectivi
352 1526 496 1573 quidam
521 1524 573 1560 vis
600 1524 702 1560 etiam
731 1524 855 1560 omisso
882 1523 940 1559 illo
968 1525 1072 1571 quasi
1094 1523 1307 1569 intellegitur
1326 1523 1382 1568 (cf.
1402 1523 1529 1569 Reisig.
1548 1523 1570 1559 1.
1590 1524 1612 1560 l.

211 1595 288 1630 pag.
308 1585 379 1620 345
406 1587 440 1620 et
464 1583 571 1619 Haasi
597 1583 880 1627 adnotationem),
906 1594 993 1629 quae
1019 1583 1135 1618 omnia
1161 1586 1215 1617 sat
1232 1585 1314 1618 nota
1332 1583 1435 1619 verbo
1454 1583 1612 1628 attigisse

211 1643 294 1679 satis
321 1643 395 1679 erit.
423 1663 470 1668 --
505 1642 557 1679 Ne
588 1642 631 1678 de
661 1642 720 1678 illa
755 1642 890 1689 quidem
924 1642 1103 1678 verborum
1135 1641 1377 1677 coniunctione
1404 1642 1612 1690 plerumque

211 1716 325 1739 omnes
350 1703 386 1739 in
414 1714 444 1738 v.
467 1702 513 1738 IV
543 1704 632 1739 1041
667 1706 820 1749 repetam
856 1713 942 1748 quae
976 1701 1132 1737 Handius
1167 1702 1327 1748 exposuit
1358 1701 1393 1736 in
1426 1700 1611 1737 Tursellini

211 1762 276 1798 vol.
295 1762 341 1798 IV
367 1773 445 1809 pag.
471 1762 560 1807 473,
601 1762 659 1807 qui
689 1761 730 1797 de
762 1761 825 1797 hoc
855 1761 930 1808 ipso
963 1760 1100 1796 Lucreti
1130 1772 1233 1796 versu
1264 1761 1438 1807 copiosius
1472 1761 1543 1806 egit
1576 1761 1612 1796 in

210 1821 276 1857 vol.
295 1821 328 1857 Π
354 1832 429 1868 pag.
456 1822 502 1856 95
528 1820 586 1856 fin.
643 1820 740 1856 Idem
772 1820 825 1855 vir
856 1820 976 1856 doctus
1008 1820 1050 1856 de
1082 1820 1330 1867 compositione
1362 1820 1610 1867 particularum

209 1883 259 1916 sic
283 1882 363 1916 item
387 1880 423 1915 in
450 1879 578 1915 v01.111
596 1890 673 1926 pag.
693 1880 763 1915 523
791 1879 875 1915 haec
901 1879 1058 1915 adnotat:
1079 1878 1144 1915 ‘sic
1170 1877 1264 1915 item'
1283 1892 1325 1914 ne
1343 1882 1610 1927 coniunqcmtur,

208 1940 308 1975 nulla
331 1940 477 1986 impedit
503 1951 639 1983 caussa,
668 1951 774 1986 quum
799 1940 971 1988 siqnfficet
988 1938 1054 1974 ‘sic
1079 1940 1195 1974 eodem
1211 1936 1325 1974 ‘modo'
1346 1941 1381 1974 et
1398 1937 1496 1974 affert
1513 1937 1609 1974 Caes.

209 1999 241 2036 b.
266 1997 353 2035 Gall.
372 1998 388 2034 Ι
405 1999 452 2034 44
478 2005 516 2034 ut
540 2000 614 2046 ipsi
637 1999 777 2034 concedi
800 2011 871 2034 non
897 2005 1079 2046 oporteret,
1112 2000 1145 2034 si
1168 2000 1206 2034 in
1230 2006 1365 2034 nostros
1383 1999 1476 2049 fines
1501 2000 1610 2046 impe-

210 2067 282 2095 tum
302 2060 445 2103 faceret,
476 2060 526 2093 sic
551 2060 631 2093 item
656 2071 718 2093 nos
744 2070 814 2093 esse
839 2060 991 2104 iniquos,
1020 2060 1084 2105 qui
1105 2060 1145 2093 in
1170 2071 1231 2094 suo
1258 2060 1333 2093 iure
1358 2071 1393 2093 se
1412 2059 1611 2105 interpella-

210 2131 336 2163 remus,
364 2116 422 2153 ubi
447 2119 496 2153 sic
512 2117 631 2153 deesse
648 2119 793 2163 poterat.
831 2116 1059 2152 Inveniuntur
1085 2117 1236 2152 eiusdem
1263 2117 1312 2152 rei
1331 2116 1490 2163 exempla
1507 2116 1612 2152 etiam

210 2177 301 2225 apud
318 2176 528 2223 Lucretium,
556 2176 613 2223 qui
641 2179 675 2212 et
691 2178 740 2212 sic
756 2178 837 2212 item
855 2175 992 2222 saepius
1010 2176 1187 2223 componit
1213 2175 1321 2221 (velut
1338 2175 1371 2211 II
1390 2177 1473 2221 695,
1506 2177 1612 2222 1019,

208 2236 255 2272 IV
284 2236 367 2282 161)
394 2239 428 2272 et
459 2238 509 2272 sic
540 2237 660 2272 itidem
692 2235 724 2271 II
759 2236 831 2271 915
862 2233 920 2282 (cf.
944 2233 1151 2271 Graecorum
1184 2234 1345 2277 ὠςαύτως
1376 2235 1485 2277 οὕτως
1515 2236 1613 2272 cuius

209 2296 374 2333 nonnulla
400 2295 559 2344 exempla
584 2295 679 2332 dedit
703 2294 923 2332 Heindorfius
949 2295 985 2330 in
1010 2299 1093 2331 nota
1118 2294 1161 2330 ad
1186 2294 1274 2331 Plat.
1299 2294 1425 2331 Phaed.
1451 2307 1485 2343 p.
1514 2296 1562 2333 98
1581 2296 1613 2332 A

209 2359 244 2391 et
269 2356 311 2391 ad
338 2355 474 2401 Protag.
499 2367 533 2402 p.
559 2356 626 2391 351
655 2355 701 2399 D)
734 2358 826 2391 certe
856 2365 923 2390 non
956 2354 1029 2389 sine
1059 2341 1229 2399 gr'avitate
1256 2357 1291 2390 et
1317 2365 1447 2399 magna
1473 2366 1550 2391 cum
1579 2355 1613 2390 vi

209 2413 479 2461 demonstrandi,
506 2425 593 2462 quae
619 2414 737 2451 eadem
765 2414 855 2450 inest
880 2414 915 2450 in
941 2412 1203 2461 pronominibus
1228 2414 1284 2449 hic
1309 2415 1412 2460 idem,
1438 2416 1531 2451 idem
1555 2416 1614 2451 ille

208 2473 399 2511 coniunctis
427 2475 468 2511 de
495 2474 618 2521 quibus
645 2474 687 2510 ef.
707 2474 832 2519 Reisig.
851 2473 944 2518 1.1§
963 2474 1033 2509 216
1060 2484 1137 2509 cum
1164 2472 1272 2509 Haasi
1299 2474 1532 2511 adnotatione.
