1835 2765
851 52 898 89 59

167 153 227 189 sed
259 153 363 189 etiam
393 153 458 189 illa
483 152 676 190 deficiente:
718 152 751 189 Π
776 154 846 190 437
874 154 1039 200 ρεηίταῑίε
1066 166 1133 201 per
1165 153 1305 189 Veneris
1330 165 1403 197 ree,
1445 150 1474 186 V
1501 150 1572 186 725

165 213 385 262 Babylonica
415 213 625 250 Chaldaeum
657 214 834 258 doctrina,
861 211 892 245 V
919 213 990 249 740
1022 211 1068 248 VI
1096 213 1166 248 730
1198 214 1302 248 etesia
1321 212 1441 260 flabra
1466 212 1571 259 aqui-

166 274 283 309 lonum
317 272 375 320 (cf.
400 273 446 308 VI
476 269 639 319 715l16)‚
674 272 702 307 V
731 273 823 309 1202
856 274 978 318 mayni
1002 273 1161 307 caelestia
1190 274 1313 307 mundi
1341 270 1391 318 (h.
1416 283 1445 307 e.
1472 272 1570 315 caeli,

165 332 243 368 vide
261 331 438 368 Munronis
465 334 581 367 notam
609 331 653 366 ad
679 343 711 366 v.
730 330 745 365 I
765 330 848 374 788)
873 328 1030 378 Templa,
1057 330 1202 375 denique
1229 341 1247 365 e
1272 330 1359 365 libro
1379 330 1423 366 VI
1447 342 1478 366 v.
1501 331 1570 366 154

165 392 295 427 Phoebi
326 391 501 438 Delphica
533 391 665 434 laurus,
698 389 755 425 ubi
787 391 909 435 poetae
942 400 1069 424 morem
1104 399 1245 435 prorsus
1277 389 1413 433 ignorat
1438 390 1465 425 si
1493 390 1569 435 quis

165 450 274 485 credit
298 448 496 485 Lucretium
524 447 726 494 Delphicam
754 447 889 482 laurum
917 459 937 483 a
955 447 1084 494 Cypria
1110 447 1323 491 distinguere
1350 447 1509 493 voluisse,
1536 451 1571 482 et

165 521 195 545 v.
224 510 316 546 1072
345 520 617 557 purpureusque
648 508 740 544 colos
773 508 933 556 conchyli
968 506 1014 551 (ΙΙ
1040 508 1113 544 830
1138 506 1274 543 dixerat
1294 519 1460 555 purpura
1484 520 1570 555 poe-

165 571 347 615 niceusque
364 566 487 612 color),
516 568 549 602 in
571 568 691 612 quibus
718 568 875 603 omnibus
892 567 1074 603 Lucretius
1093 568 1226 613 poetice
1244 567 1449 601 sententiam
1467 566 1569 601 latius

164 626 391 663 conformavit
417 626 465 661 ita
492 629 528 661 ut
554 636 629 662 eam
657 626 831 662 venustius
859 629 892 662 et
917 625 1126 662 luculentius
1153 625 1328 661 illustrare
1355 627 1415 660 aut
1431 624 1570 670 gravius

165 687 342 723 enuntiare
368 686 517 722 voluisse
543 689 662 732 aperte
688 689 923 731 cognoscatur.

262 737 378 791 Neque
409 745 510 780 aliam
538 745 581 780 ob
608 755 746 779 causam
774 745 838 779 nisi
866 745 1030 779 orationis
1059 745 1277 779 exornandae
1303 744 1416 788 gratia
1440 743 1477 777 in
1503 741 1570 777 fine

164 816 196 840 v.
228 803 257 839 V
289 805 356 840 741
392 804 496 840 verba
526 804 662 839 Euhius
693 803 821 838 Euhan
859 801 1072 849 (meminisse
1105 803 1239 838 videtur
1265 802 1415 838 Enniani
1449 812 1568 837 versus

163 864 199 898 in
223 863 433 898 Athamante
464 864 532 898 150
549 870 621 898 tum
639 865 776 909 pariter
798 863 910 897 euhan
928 863 1031 897 euhoe
1050 864 1152 897 euhoe
1170 863 1307 897 euhium
1325 862 1426 908 etqs.)
1446 861 1567 897 eadem

163 922 279 969 lepida
305 922 378 957 soni
406 921 631 956 similitudine
658 921 771 967 posita
798 926 888 965 sunt,
916 931 982 966 qua
1007 919 1204 956 Lucretium
1230 921 1265 955 in
1284 933 1315 955 v.
1342 921 1444 956 1826
1472 922 1566 955 eoni-

163 989 235 1017 tum
264 988 441 1017 sonantem
467 981 718 1027 composuisse,
746 982 889 1015 anxium
914 992 1082 1027 anqorem
1108 978 1155 1014 ΙΙΙ
1180 980 1262 1024 991,
1290 981 1359 1015 vim
1384 980 1567 1015 violentam

165 1040 208 1083 (V
237 1042 304 1075 961
334 1041 387 1075 vel
403 1041 550 1074 violenta
568 1042 640 1074 viri
654 1042 706 1074 vis
724 1040 766 1074 cf.
787 1051 817 1074 v.
842 1040 934 1075 1224
952 1053 1087 1073 summa
1107 1057 1150 1061 —-
1169 1041 1221 1073 vis
1240 1039 1381 1073 violenti
1400 1057 1437 1062 -—
1461 1040 1564 1080 venti,

162 1099 210 1135 III
236 1100 308 1135 480
337 1106 520 1135 vomentem
552 1099 750 1134 violentiam
783 1100 872 1143 vini,
914 1097 943 1133 V
972 1098 1064 1134 1268
1103 1099 1192 1133 vires
1225 1097 1409 1140 violenta83
1447 1099 1566 1132 contra

163 1158 210 1194 III
236 1159 306 1194 296
337 1161 374 1194 vi
396 1159 545 1194 violenta
573 1159 707 1193 leonum
736 1158 852 1193 leones
879 1157 1020 1193 violenti
1048 1157 1286 1202 significantur
1312 1160 1394 1192 nota
1419 1156 1565 1191 nominis

163 1217 477 1260 circumlocutione)
504 1227 580 1252 cum
600 1217 768 1261 gravitate
788 1219 906 1263 aperta
933 1216 1074 1261 dixisse,
1101 1216 1251 1251 Ennium
1274 1216 1323 1259 (in
1348 1215 1459 1262 Iphig.
1480 1214 1566 1260 rell„

163 1289 194 1313 V.
215 1277 285 1313 256
313 1278 420 1313 otioso
446 1279 484 1312 in
510 1279 577 1312 otio
605 1278 741 1312 animus
766 1278 884 1321 nescit,
912 1277 999 1323 quid
1022 1276 1115 1318 velit)
1144 1276 1274 1321 pariter
1303 1286 1342 1311 ac
1367 1274 1563 1311 Ciceronem

163 1337 197 1371 in
222 1348 269 1371 or.
293 1347 356 1382 pro
375 1335 489 1371 Planc.
510 1337 566 1379 27,
593 1337 638 1372 66
666 1338 811 1370 otiosum
837 1337 944 1370 otium
969 1335 1121 1379 graviter
1147 1338 1181 1370 et
1209 1335 1322 1380 lepide
1345 1334 1565 1369 coniunxisse

165 1394 330 1439 videmus,
358 1394 481 1440 quibus
509 1406 527 1428 u
551 1393 719 1429 Lambino
745 1396 934 1429 amoenitas
960 1406 1103 1429 amoena
1130 1393 1254 1436 (Plaut.
1278 1392 1376 1439 Capt.
1396 1392 1453 1438 IV,
1484 1394 1514 1437 1,
1544 1393 1563 1427 7

164 1454 219 1488 hic
243 1466 295 1488 me
321 1455 522 1488 amoenitate
547 1466 691 1488 amoena
712 1466 873 1488 amoenus
898 1455 1053 1488 oneravit
1077 1450 1177 1498 dies),
1201 1454 1393 1499 pretiosum
1413 1453 1564 1498 pretium

165 1510 280 1558 (Epid.
305 1511 329 1556 I,
364 1512 397 1556 2,
428 1512 484 1556 17)
510 1512 658 1558 pulchra
687 1512 908 1558 pulchritudo
935 1511 1060 1546 veteris
1086 1510 1179 1546 illius
1207 1511 1397 1555 elegantiae
1423 1513 1504 1556 apta
1530 1512 1564 1545 et

165 1573 291 1617 aperta·
314 1570 473 1616 exempla
510 1570 692 1605 adduntur.
743 1569 806 1605 His
839 1570 938 1616 paria
969 1572 1050 1605 sunt
1084 1569 1214 1606 Graeca
1246 1568 1392 1617 αῑσχύνη
1422 1567 1560 1614 αἰσχρά,

164 1630 239 1675 δίκη
266 1630 399 1671 δικαία,
425 1628 597 1676 διάφορος
623 1628 792 1677 διαφορά,
818 1628 954 1675 μακρὸν
978 1630 1084 1676 μῆκος
1110 1632 1186 1674 etc.,
1221 1629 1262 1664 de
1289 1628 1411 1675 quibus
1429 1627 1562 1663 Latinis

164 1688 371 1734 comparatis
398 1688 468 1732 egit
493 1687 684 1724 Lobeckius
710 1689 746 1723 in
772 1687 1015 1735 Paralipomm.
1042 1700 1093 1734 gr.
1113 1687 1171 1724 Gr.
1191 1699 1225 1735 p.
1244 1685 1387 1734 535j36.

263 1746 330 1782 Sed
356 1749 437 1782 sunt
462 1746 521 1781 alii
547 1747 625 1791 loci,
653 1747 712 1783 ubi
738 1747 908 1783 adiectiva
926 1747 1058 1783 abunde
1076 1747 1236 1795 apposita
1253 1747 1312 1783 tali
1332 1746 1561 1783 alliteratione

165 1805 322 1841 excusari
337 1815 405 1840 non
422 1807 577 1850 possunt.
617 1805 694 1840 Non
711 1805 832 1851 loquor
850 1806 892 1841 de
909 1806 1085 1841 adieetivis
1103 1806 1171 1841 illis
1186 1806 1401 1851 ornantibus,
1427 1805 1561 1851 quibus,

164 1874 240 1899 cum
269 1862 516 1908 significatione
549 1873 611 1898 sua
643 1864 792 1899 nominis
819 1869 977 1899 naturam
1003 1867 1084 1911 apte
1110 1863 1286 1910 definiant,
1319 1867 1441 1911 poetae
1466 1874 1561 1898 more

168 1921 267 1957 solito
293 1921 341 1957 ibi
367 1932 500 1968 quoque
526 1924 689 1967 utuntur,
721 1922 780 1957 ubi
805 1933 825 1958 e
850 1925 921 1958 toto
948 1924 1195 1959 sententiarum
1222 1934 1354 1959 conexu
1379 1922 1472 1957 illam
1500 1932 1560 1956 no-

164 1980 266 2016 minis
291 1982 449 2016 naturam
478 1979 704 2024 significatam
732 1979 826 2016 nullo
845 1981 947 2017 modo
967 1985 1219 2028 exspectamus,
1246 1982 1306 2017 illa
1323 1982 1409 2026 dico,
1437 1980 1559 2026 quibus

164 2040 330 2086 appositis
360 2038 446 2074 nihil
477 2038 568 2074 aliud
602 2039 739 2074 additur
768 2039 836 2074 nisi
869 2040 960 2085 quod
994 2051 1012 2076 e
1044 2041 1193 2076 nominis
1224 2041 1257 2076 vi
1289 2051 1351 2086 per
1382 2050 1418 2075 se
1444 2039 1557 2085 ipsum

165 2101 310 2146 apparet
341 2100 375 2134 et
407 2097 543 2132 eminet.
608 2097 710 2133 Velut
744 2099 848 2133 inane
873 2097 1053 2134 Lucretius
1084 2101 1176 2135 recte
1202 2101 1236 2134 et
1266 2101 1344 2145 apte
1381 2110 1557 2144 maqnum,

161 2158 396 2207 profundum,
435 2159 586 2204 quietum
618 2156 788 2203 appellat,
821 2156 880 2192 sed
912 2157 994 2203 quid
1019 2159 1098 2194 novi
1126 2157 1270 2202 accedit,
1309 2168 1385 2192 cum
1412 2170 1560 2192 vacuum

164 2215 443 2261 cognominatur?
488 2215 618 2252 Tamen
649 2215 735 2251 illud
765 2228 911 2251 vacuum
938 2218 1044 2252 inane
1076 2217 1212 2263 saepius
1243 2216 1333 2263 apud
1359 2214 1558 2251 Lucretium

163 2275 312 2311 occurrit
336 2274 364 2319 (Ι
381 2276 464 2320 439,
490 2276 572 2320 509,
598 2274 731 2321 11151,
761 2275 840 2319 158,
867 2275 949 2320 202,
977 2276 1060 2321 236,
1087 2275 1133 2311 VI
1150 2273 1236 2322 838)
1263 2278 1296 2311 et
1324 2286 1456 2311 memor
1486 2275 1559 2311 eius

162 2334 229 2369 fuit
253 2334 424 2379 Vergilius
449 2334 485 2369 in
512 2335 597 2369 Aen.
616 2333 682 2369 XII
699 2335 781 2369 906.
819 2334 947 2369 Eadem
981 2334 1103 2370 deinde
1141 2338 1192 2370 est
1222 2346 1277 2370 res
1309 2335 1357 2370 ihi
1388 2334 1447 2369 ubi
1479 2335 1558 2370 sub-

163 2392 340 2437 stantivis,
379 2404 466 2439 quae
511 2393 646 2428 initium
683 2392 894 2438 significant,
932 2393 1137 2429 adiectivum
1166 2396 1306 2441 primus
1349 2394 1557 2439 adiungitur.

164 2449 257 2485 Talis
304 2452 447 2487 rationis
485 2452 642 2498 exempla
686 2452 851 2498 praebent
884 2463 934 2487 vs.
963 2451 977 2487 1
1008 2453 1078 2489 383
1116 2455 1206 2490 unde
1245 2456 1371 2490 initum
1403 2456 1559 2503 primum
