1835 2765
246 538 345 596 Inter
371 561 491 605 poetas
508 557 653 593 Latinos
680 558 708 593 si
736 558 812 603 quis
839 557 938 602 alius,
965 557 1123 593 sublimis
1150 557 1287 604 qualem
1307 556 1450 593 Ovidius
1476 569 1576 605 prae-

171 619 264 654 dicat
288 617 470 654 Lucretius
497 628 579 653 cura
604 619 723 652 nostra
748 616 871 661 dignus
897 616 1044 661 videtur,
1071 628 1137 651 non
1166 616 1276 652 solum
1306 621 1449 663 propter
1476 628 1577 661 argu-

171 678 279 713 menti
311 677 557 724 proprietatem
593 679 627 712 et
660 674 896 710 difficultatem
933 675 1248 722 sententiarumque
1281 676 1508 712 subtilitatem
1544 679 1579 712 et

171 737 450 785 perspicuitatem
473 736 531 771 sed
551 735 655 771 etiam
675 734 718 771 ob
738 734 901 770 eximiam
929 733 1141 779 diligentiam
1169 739 1346 781 artemque
1364 736 1401 771 in
1420 736 1577 771 versibus

170 796 360 831 formandis
386 799 420 830 et
446 796 488 831 ob
516 795 684 830 sermonis
710 794 946 838 integritatem
974 793 1234 838 ubertatemque
1260 799 1426 830 ornatam.

270 855 387 901 Neque
414 854 504 890 enim
533 857 570 889 ut
595 853 690 888 rivus
717 853 830 888 tenuis
862 852 921 887 sed
952 851 1058 896 largis
1090 852 1191 887 undis
1217 851 1293 887 fluit
1318 854 1436 888 oratio.
1489 853 1578 896 Quin

173 915 276 951 etiam
303 926 405 960 saepe
431 912 612 960 superfluit
638 916 673 948 et
698 913 779 948 totis
807 912 987 948 sententiis
1011 916 1045 947 et
1064 912 1208 956 singulis
1228 912 1341 947 verbis
1367 912 1500 948 abunde
1519 925 1579 959 po-

173 974 259 1018 sitis,
287 977 322 1008 et
340 974 402 1008 hac
420 974 453 1007 in
472 984 510 1007 re
528 972 678 1006 maxime
705 971 858 1006 cernitur
884 970 1067 1005 verborum
1094 970 1248 1005 luxuries
1275 970 1365 1016 quod
1392 974 1491 1016 poeta
1517 982 1579 1016 pro

173 1033 322 1080 simplici
348 1043 441 1078 voce,
469 1043 536 1078 qua
563 1031 770 1067 sententiam
798 1034 877 1077 apte
903 1033 1040 1077 poterat
1066 1028 1198 1075 efferre,
1226 1029 1358 1066 duabus
1387 1033 1446 1066 aut
1472 1030 1580 1077 pluri-

173 1093 235 1128 bus
262 1097 331 1127 tam
359 1103 461 1138 saepe
494 1092 619 1136 utitur,
653 1094 691 1125 ut
722 1090 808 1125 illud
839 1101 948 1136 paene
980 1090 1238 1125 consuetudinis
1272 1090 1345 1125 eius
1376 1089 1483 1126 fuisse
1514 1090 1581 1125 dici

173 1152 298 1198 possit,
331 1151 403 1186 sive
436 1162 493 1185 eas
525 1149 705 1196 particulis
737 1150 828 1184 inter
855 1160 890 1184 se
917 1149 1096 1184 coniunxit
1123 1149 1194 1184 sive
1221 1148 1315 1184 nulla
1342 1149 1582 1184 coniunctione

174 1211 367 1256 composuit
392 1209 465 1244 sive
492 1209 654 1244 adiectivi
681 1211 741 1243 aut
767 1208 918 1253 genetivi
945 1208 1058 1243 forma
1083 1209 1214 1243 nomini
1242 1207 1405 1254 apposuit
1430 1208 1502 1243 sive
1526 1219 1583 1243 eas

176 1269 278 1304 verbo
311 1268 445 1304 abunde
477 1268 614 1303 adiecit.
666 1267 760 1302 Haec
786 1267 829 1302 ab
856 1267 1048 1302 editoribus
1076 1268 1203 1313 passim
1232 1267 1397 1302 adnotata
1423 1267 1583 1311 colligere

174 1328 224 1363 ita
250 1330 288 1363 ut
313 1338 380 1363 uno
407 1327 506 1373 quasi
532 1329 718 1374 conspectu
746 1326 862 1372 qualia
888 1329 1005 1362 essent
1031 1330 1066 1362 et
1092 1330 1258 1372 quantum
1277 1326 1333 1361 hic
1350 1337 1432 1361 usus
1451 1315 1586 1372 pateret

175 1387 325 1434 perspici
351 1389 479 1432 posset,
506 1386 592 1421 mihi
618 1397 686 1421 non
713 1386 868 1432 ineptum
896 1396 971 1420 esse
995 1385 1178 1421 videbatur
1204 1390 1238 1420 et
1264 1386 1410 1421 fortasse
1436 1396 1504 1420 non
1530 1396 1584 1420 so—

176 1447 246 1482 lum
277 1446 378 1481 huius
411 1450 533 1492 poetae
569 1444 682 1480 studio
718 1444 801 1479 utile
833 1444 892 1479 sed
923 1444 1027 1479 etiam
1061 1444 1103 1479 ad
1136 1455 1176 1479 ea
1210 1455 1297 1490 quae
1331 1445 1421 1491 apud
1454 1448 1585 1480 ceteros

178 1506 363 1552 scriptores
391 1505 552 1540 similiter
570 1505 683 1550 posita
710 1504 932 1539 inveniuntur
950 1503 1135 1539 iudicanda
1161 1515 1229 1539 non
1254 1515 1396 1550 prorsus
1423 1504 1584 1539 alienum.

176 1565 264 1600 Nam
292 1565 442 1611 primum
469 1564 658 1599 cavendum
687 1566 739 1598 est
765 1574 808 1598 ne
834 1563 965 1607 omnia,
998 1563 1034 1597 in
1066 1563 1190 1608 quibus
1222 1574 1283 1598 nos
1316 1575 1407 1598 nunc
1440 1562 1584 1599 offendi-

178 1636 270 1669 mus,
298 1624 401 1659 etiam
430 1623 603 1659 veteribus
636 1622 854 1669 displicuisse
886 1622 1082 1668 opinemur,
1109 1621 1233 1657 deinde
1261 1626 1374 1658 autem
1402 1622 1582 1658 Lucretius

178 1694 388 1729 quamquam
414 1694 501 1728 opus
527 1682 768 1728 imperfectum
795 1682 937 1727 reliquit
962 1684 997 1716 et
1022 1681 1206 1716 nonnullae
1230 1686 1345 1726 partes
1371 1682 1420 1716 ita
1446 1692 1583 1727 compa—

178 1745 275 1777 ratae
300 1745 392 1787 sunt,
419 1745 458 1777 ut
483 1742 557 1777 sine
584 1741 701 1786 dubio,
729 1742 758 1777 si
785 1741 940 1777 carmina
972 1740 1073 1776 edere
1104 1740 1172 1787 ipsi
1198 1740 1362 1786 licuisset,
1390 1740 1491 1776 aliter
1515 1741 1584 1776 for-

180 1804 335 1836 maturus
360 1801 483 1845 fuerit,
516 1805 631 1836 tamen
658 1802 695 1835 in
721 1802 799 1846 ipsa
824 1801 1006 1835 verborum
1034 1800 1282 1846 compositione
1316 1800 1366 1835 ita
1392 1799 1585 1835 elaborasse

180 1859 332 1904 videtur,
364 1863 402 1894 ut
433 1870 581 1905 aequum
616 1860 662 1895 sit
694 1860 861 1905 iudicare,
894 1860 930 1894 in
964 1859 1012 1894 eis
1045 1870 1133 1905 quae
1160 1859 1325 1894 habemus
1352 1862 1487 1905 poetam
1514 1859 1585 1894 fere

180 1919 395 1966 praestitisse
422 1920 513 1964 quod
539 1922 716 1965 praestare
744 1923 778 1954 et
804 1919 953 1954 voluerit
973 1920 1013 1953 'et
1038 1918 1200 1965 potuerit.
1253 1918 1370 1964 Itaque
1401 1929 1469 1953 non
1501 1919 1585 1952 satis

180 1981 234 2013 est
258 1977 371 2022 legere
397 1982 432 2012 et
456 1977 616 2021 colligere
643 1977 703 2012 sed
730 1977 834 2012 etiam
864 1977 1055 2023 ponderare
1089 1981 1123 2012 et
1156 1978 1371 2021 examinare,
1402 1988 1515 2011 nonne
1547 1988 1588 2011 ea

181 2050 224 2074 ex
249 2038 387 2082 linguae
413 2037 542 2073 latinae
569 2037 706 2082 ingenio
734 2040 794 2072 aut
819 2048 862 2072 ex
890 2037 1004 2072 studio
1031 2040 1153 2084 poetae
1172 2048 1275 2083 saepe
1295 2040 1370 2072 orta
1388 2036 1470 2081 sint,
1498 2047 1589 2082 quae

180 2098 279 2133 nobis
309 2098 456 2133 fortasse
487 2097 630 2132 laxioris
664 2100 697 2132 et
730 2096 934 2142 profusioris
967 2097 1134 2132 orationis
1171 2097 1268 2140 signa
1299 2096 1407 2130 videri
1441 2097 1588 2142 possint.

182 2157 279 2193 Hanc
305 2157 474 2193 rationem
503 2159 640 2192 secutus
667 2155 783 2191 omnia
809 2155 1098 2191 uberiorisillius
1125 2155 1215 2201 quod
1248 2165 1352 2201 supra
1385 2155 1589 2190 adumbravi

182 2217 318 2253 dicendi
343 2217 479 2261 generis
505 2216 666 2263 exempla
692 2215 853 2260 colligere
879 2218 913 2250 et
939 2215 1042 2251 certis
1068 2215 1250 2258 generibus
1277 2214 1461 2260 disponere
1486 2226 1589 2250 cona-

182 2276 243 2311 bor
270 2279 373 2321 atque
398 2276 434 2310 in
461 2286 666 2320 unoquoque
693 2285 817 2319 genere
851 2273 1057 2309 illustrando
1089 2285 1151 2309 suo
1184 2274 1257 2308 loco
1290 2273 1395 2308 etiam
1427 2285 1514 2319 quae
1546 2275 1591 2308 sit

183 2335 256 2369 eius
282 2339 405 2370 natura
430 2337 533 2380 atque
558 2334 754 2380 proprietas
782 2333 931 2369 breviter
958 2343 1140 2378 exponam.
