1835 2765
868 59 915 96 25

183 169 218 192 se
243 170 284 192 ac
309 158 509 195 distractior
533 160 635 194 intus.
680 157 810 193 Ultimo
829 161 944 203 tamen
962 157 1035 193 loco
1054 169 1096 193 ne
1117 159 1193 204 quis
1221 159 1364 194 miretur
1390 170 1466 194 mea
1485 157 1589 192 verba

184 227 204 250 a
230 217 409 263 Bernaysii
437 221 535 252 textu
561 217 775 263 discrepare,
807 217 871 251 hoc
896 227 1055 252 moneam
1082 217 1170 252 hanc
1196 229 1296 262 quam
1325 218 1404 253 dedi
1431 228 1506 252 esse
1532 227 1588 251 co-

183 274 296 310 dicum
324 276 516 321 lectionem,
544 276 665 311 duram
685 276 822 322 quidem
850 275 944 310 illam
974 275 1033 311 sed
1051 276 1101 311 ita
1118 279 1364 322 comparatam,
1392 281 1430 312 ut
1455 279 1587 311 mutare

183 346 250 369 non
284 336 439 371 audeam.
497 335 585 370 Illud
621 337 713 370 intus
746 335 836 370 enim
871 335 1057 380 respondet
1089 334 1251 369 adverbio
1280 336 1387 380 forae
1418 336 1453 370 in
1485 345 1585 369 versu

183 394 401 438 praecedenti
433 397 467 428 et
498 396 618 428 extant
649 394 717 428 tria
747 392 806 427 illa
838 403 925 438 quae
951 392 1193 427 Lachmannus
1220 393 1408 439 postulavit
1433 393 1588 428 membra

183 452 363 498 orationis,
390 463 466 487 cum
495 452 529 486 in
556 463 587 487 v.
607 452 677 487 958
705 455 743 487 ut
769 452 870 498 plena
901 451 962 487 fiat
996 452 1165 488 sententia
1192 454 1311 487 anima
1337 451 1525 487 subiectum
1554 455 1588 487 et

182 512 219 551 fit
236 512 375 547 verbum
404 511 572 546 enuntiati
596 523 637 546 ex
656 511 941 558 praecedentibus
960 511 1116 547 versibus
1135 511 1357 556 intellegatur
1376 522 1514 546 necesse
1532 511 1587 546 sit.

183 570 279 612 Quod
312 571 342 606 si
373 571 427 605 cui
459 573 574 605 tamen
608 570 771 606 audacius
804 571 957 616 videtur,
993 582 1094 617 quam
1129 575 1167 606 ut
1199 570 1439 607 emendatione
1472 580 1589 605 carere

183 630 367 675 possimus,
395 629 516 665 similis
543 629 743 666 elocutionis
771 631 929 677 exemplo
955 642 1031 666 eum
1058 631 1209 666 refutare
1236 642 1380 676 nequeo.
1424 629 1487 665 His
1515 629 1589 664 alli-

183 688 363 723 terationis
388 688 471 723 locis
498 689 646 733 adiungo
672 692 851 734 praeterea
877 700 1011 724 versum
1043 691 1112 725 100
1139 689 1218 725 libri
1245 690 1258 724 I
1285 691 1396 724 exitus
1423 696 1461 723 ut
1487 689 1592 723 classi

172 748 270 794 felia:
291 748 504 795 faustusque
535 749 677 783 daretur
708 759 775 782 non
803 748 876 783 sine
904 748 1050 793 quadam
1079 748 1235 784 sollemni
1264 748 1446 784 verborum
1474 747 1589 792 gravi-

183 810 254 842 tate
279 807 407 841 dictum
435 817 512 841 cum
538 806 697 841 irrisione
730 810 850 852 poetae
884 806 1097 851 indignantis
1128 811 1264 852 aperta,
1296 807 1419 842 deinde
1446 806 1474 841 V
1498 807 1589 841 1152

182 879 244 901 nee
276 866 413 905 facilest
432 866 615 913 placidam
641 878 682 900 ac
702 872 870 913 pacatam
896 867 1017 913 deyere
1041 867 1159 910 vitam,
1187 865 1233 901 ΙΙΙ
1259 867 1328 901 778
1357 879 1444 913 quae
1465 867 1588 913 prima

178 927 432 973 potissimaque
457 926 670 969 insinuetur,
699 924 845 970 denique
872 924 919 959 Ill
945 926 1037 960 1044
1064 932 1201 960 mortua
1228 928 1285 960 cui
1308 928 1380 960 vita
1406 932 1454 960 est
1477 938 1589 972 prope

183 987 255 1019 iam
285 986 362 1019 vivo
394 991 496 1031 atque
527 985 658 1019 videnti
687 982 744 1030 (cf.
765 984 793 1019 V
813 985 880 1019 991
911 986 992 1019 viva
1022 986 1141 1020 videns
1176 987 1253 1020 vivo
1286 986 1428 1032 sepeliri
1457 986 1589 1019 viscera

184 1044 294 1086 busto)
323 1043 363 1078 de
391 1043 513 1089 quibus
540 1043 680 1078 vocibus
713 1043 886 1089 proverbii
919 1043 992 1079 loco
1020 1044 1212 1079 coniunctis
1246 1055 1288 1079 ne
1316 1044 1370 1079 hic
1397 1043 1587 1078 doctiorum

183 1104 333 1137 virorum
354 1102 458 1137 verba
483 1107 637 1148 repetam
666 1103 782 1147 adeas,
810 1104 838 1137 si
866 1098 1263 1149 placet,’Wakefieldum
1285 1103 1333 1145 (in
1353 1114 1383 1137 v,
1408 1103 1499 1138 1059
1519 1102 1588 1137 edi-

183 1161 287 1196 tionis
315 1160 442 1204 Wakf.)
470 1165 504 1196 et
529 1160 744 1197 Munronem.

280 1219 358 1255 Jam
387 1231 466 1255 vero
494 1220 536 1255 ad
562 1220 703 1255 nomina
728 1220 865 1255 rediens
894 1231 1020 1266 paucos
1048 1231 1105 1255 eos
1132 1220 1223 1255 locos
1260 1221 1433 1264 tractabo,
1467 1219 1524 1255 ubi
1552 1231 1591 1255 ea

184 1291 286 1325 quam
312 1280 347 1314 in
373 1280 487 1314 verbis
515 1290 619 1325 supra
646 1280 790 1325 exposui
824 1280 957 1314 ratione
992 1280 1171 1326 proprium
1202 1279 1403 1315 vocabulum
1436 1279 1591 1325 sequitur

184 1348 375 1384 synonyma
401 1338 537 1383 phrasis
563 1338 696 1384 poetice
722 1337 887 1382 figurata;
916 1338 1010 1373 velut
1037 1338 1083 1373 IV
1105 1339 1198 1373 1270
1225 1338 1283 1374 ubi
1302 1337 1482 1373 Lucretius
1509 1337 1591 1372 dicit

183 1409 244 1432 nec
270 1398 436 1432 divinitus
461 1398 633 1432 interdum
658 1397 864 1444 Venerisque
889 1399 1024 1444 saqittis
1042 1397 1225 1433 Deteriore
1242 1398 1288 1442 fit
1313 1404 1351 1432 ut
1365 1397 1491 1443 forma
1516 1410 1591 1432 mu-

186 1457 330 1491 liercula
355 1462 488 1491 ametur
510 1455 545 1490 id
564 1455 653 1501 quod
672 1466 753 1491 voce
780 1457 945 1491 divinitus
971 1456 1111 1502 proprie
1138 1460 1172 1491 et
1199 1456 1380 1502 perspicue
1407 1456 1589 1502 expressit,

186 1518 330 1551 venusta
368 1515 518 1559 imagine
549 1514 692 1550 Veneris
730 1514 798 1550 tela
837 1515 1037 1550 conicientis
1077 1516 1239 1561 repetivit
1279 1519 1397 1561 poeta,
1431 1514 1590 1560 idemque

186 1575 341 1609 videmus
373 1573 400 1606 V
430 1574 522 1609 1102
552 1574 748 1609 verberibus
780 1575 959 1609 radiorum
993 1582 1095 1621 atque
1127 1582 1223 1610 aestu
1255 1576 1347 1610 victa
1374 1587 1441 1621 per
1471 1587 1588 1621 αρτ-οε,

185 1634 241 1669 ubi
271 1633 375 1668 verba
400 1633 568 1668 translata
594 1634 805 1679 praecedunt
831 1637 865 1668 et
892 1633 919 1666 V
939 1631 1069 1680 487J88
1096 1635 1204 1668 sudor
1229 1634 1391 1681 Auqebat
1420 1646 1516 1668 mare
1542 1656 1588 1660 —

186 1705 394 1739 camposque
420 1694 572 1727 natantis
599 1692 796 1738 duplicique
822 1692 1024 1738 metaphora
1041 1690 1213 1739 V1404s5
1231 1694 1344 1727 undas
1364 1712 1405 1715 --
1428 1699 1459 1727 et
1485 1693 1589 1739 liqui-

186 1754 267 1787 dam
292 1752 414 1787 molem
440 1764 646 1799 camposque
674 1754 848 1797 natantis,
883 1752 1006 1798 quibus
1033 1751 1263 1787 Wakefieldus
1300 1756 1380 1798 apte
1412 1756 1590 1797 comparat

185 1818 308 1856 seqetes
347 1811 436 1844 altas
475 1823 683 1856 camposque
714 1813 868 1845 natantis
900 1811 934 1845 in
969 1810 1097 1854 Vergili
1131 1810 1306 1853 Georgicis
1339 1810 1385 1844 ΙΙΙ
1413 1810 1498 1853 198,
1531 1810 1588 1844 ubi

183 1869 314 1916 campis
360 1868 559 1904 natantibus
599 1874 732 1913 segetes
772 1870 868 1915 quasi
910 1868 1114 1905 fluctuantes
1153 1868 1406 1914 significantur3
1451 1881 1588 1917 campos

184 1930 349 1976 liquentes
376 1928 417 1964 de
445 1928 532 1963 mari
550 1928 659 1962 dictos
679 1927 801 1963 Munro
829 1940 871 1963 ex
890 1930 977 1964 Aen.
999 1929 1043 1963 VI
1063 1929 1133 1964 724
1153 1929 1312 1974 probavit
1338 1940 1447 1974 neque
1473 1929 1588 1974 inepte

184 1988 401 2023 conferentur
426 1986 540 2021 Plauti
566 1986 658 2021 Trin.
687 1986 741 2021 IV.
776 1990 810 2031 1,
842 1987 885 2022 15
920 1989 1095 2023 caeruleos
1123 2001 1191 2035 per
1222 2001 1361 2035 campos
1388 1991 1421 2022 et
1446 1986 1587 2021 Homeri

185 2046 274 2095 ὑγρὰ
305 2048 471 2083 κέλευθα.
499 2070 545 2074 -
571 2045 635 2081 His
667 2045 750 2081 locis
784 2049 892 2082 restat
925 2051 964 2082 ut
1002 2047 1150 2083 adiciam
1190 2047 1316 2083 bellum
1357 2051 1390 2082 et
1429 2049 1586 2092 apertum

185 2107 416 2152 metonymiae
447 2105 641 2151 exemplum
670 2105 704 2139 in
733 2105 844 2139 verbis
872 2118 900 2139 v.
923 2105 951 2139 V
973 2107 1044 2141 780
1067 2120 1176 2152 yemce
1210 2107 1392 2140 herbarum
1423 2106 1587 2139 viridem-

185 2179 250 2213 que
279 2167 425 2201 nitorem
458 2168 492 2200 et
522 2163 700 2211 pulchram
732 2175 874 2210 eamque
914 2164 1052 2210 saepius
1092 2165 1183 2211 apud
1215 2164 1410 2200 Lucretium
1452 2164 1587 2199 obviam

186 2225 446 2261 translationem
475 2225 509 2259 in
537 2224 649 2260 verbis
675 2237 746 2259 non
770 2225 867 2259 radii
891 2224 973 2259 solis
999 2237 1109 2270 neque
1136 2226 1252 2260 lucida
1277 2224 1344 2259 tela
1370 2225 1442 2258 diei
1466 2223 1480 2258 Ι
1509 2225 1589 2268 147,

185 2284 215 2319 ΙΙ
239 2285 296 2328 60,
323 2283 369 2319 111
392 2284 450 2328 9⁶2,
477 2283 523 2319 VI
545 2285 601 2319 40.

283 2342 372 2379 Hinc
399 2343 515 2378 statim
544 2342 586 2378 ad
614 2342 715 2378 aliam
744 2342 976 2389 quaestionem
1005 2352 1058 2376 me
1086 2345 1198 2387 verto,
1235 2353 1321 2387 quae
1348 2346 1382 2378 et
1408 2342 1485 2388 ipsa
1512 2353 1589 2378 cum

186 2403 234 2437 eis
262 2414 348 2448 quae
375 2403 416 2437 de
444 2403 558 2437 verbis
589 2403 656 2437 iam
690 2403 762 2437 dixi
793 2413 922 2437 conexa
953 2404 1004 2435 est
1030 2404 1133 2446 atque
1159 2401 1331 2436 cohaeret.
1385 2401 1469 2436 Cum
1498 2402 1588 2436 enim

186 2472 349 2506 magnum
377 2460 573 2497 Germanici
602 2465 635 2496 et
660 2460 774 2496 Latini
801 2459 968 2496 sermonis
995 2459 1178 2495 discrimen
1207 2460 1240 2495 in
1270 2472 1308 2495 eo
1336 2461 1487 2507 positum
1515 2472 1589 2496 esse
