1835 2765
900 32 944 66 10

213 148 302 180 mur,
330 137 419 181 quod
448 137 497 171 eis
524 136 622 181 locis,
650 148 735 182 quos
763 149 780 171 e
808 136 968 172 Lucretio
997 137 1113 181 attuli,
1141 137 1225 171 satis
1253 147 1421 182 apparere
1447 137 1619 171 existimo.

212 195 339 230 Tamen
367 205 489 230 vereor
515 206 559 231 ne
577 194 870 240 Naegelsbachius
897 207 965 231 non
991 198 1084 230 recte
1110 195 1230 240 egerit,
1257 194 1348 240 quod
1374 194 1533 229 omnibus
1550 194 1619 229 illis

210 253 307 298 locis,
334 254 393 299 qui
420 254 512 300 apud
541 254 648 290 bonos
675 255 863 301 scriptores
881 256 916 290 in
942 256 1006 290 hoc
1029 265 1154 299 genere
1181 258 1311 298 extant,
1339 253 1408 288 vim
1429 253 1620 288 sententiae

210 312 421 356 singularem
450 313 607 348 subiecit.
652 313 739 348 Nam
766 325 810 348 ne
837 315 872 348 in
899 314 949 349 eis
976 313 1113 359 quidem
1142 314 1260 359 paucis
1288 323 1375 358 quae
1401 323 1443 346 ex
1462 312 1618 361 innume-

209 370 310 405 rabili
339 383 484 407 numero
518 371 637 407 attulit
669 372 837 418 exemplis
865 372 1024 408 omnibus
1057 384 1097 407 ea
1129 383 1231 417 quam
1265 374 1462 406 ostenturus
1489 373 1542 405 est
1567 370 1619 404 vis

209 429 348 465 videtur
375 431 500 475 inesse,
529 434 563 466 et
590 434 720 466 attente
747 431 875 475 legenti
902 431 970 465 alia
997 435 1190 475 occurrent,
1219 442 1306 476 quae
1332 431 1402 465 vim
1428 429 1523 464 illam
1550 439 1618 463 non

210 489 396 535 perferent.
438 488 552 525 Unum
579 500 621 525 ex
648 489 732 524 locis
760 501 779 524 a
797 489 1068 534 Naegelsbachio
1095 489 1230 525 collatis
1250 489 1389 525 afferam
1409 500 1426 524 e
1445 488 1620 524 Ciceronis

210 548 356 584 Oratore
382 548 456 594 (III.
484 550 548 592 30,
580 547 663 593 120)
690 551 880 591 orationes,
913 561 1002 595 quae
1027 571 1075 576 -
1102 562 1136 584 se
1162 571 1209 576 —
1236 551 1284 584 ad
1308 551 1463 585 universi
1484 550 1620 596 qeneris

209 609 280 642 vim
306 608 551 655 explicandam
576 607 760 653 conferunt
785 614 816 642 et
842 614 1055 652 convertunt,
1086 608 1177 652 quod
1206 608 1324 643 vertit:
1363 608 1490 643 welche
1517 605 1619 643 sich's

210 678 273 700 zur
299 666 541 710 eigentlichen,
570 666 815 701 wesentlichen
834 666 991 711 Aufgabe
1018 666 1174 710 macheu,
1204 667 1260 702 ubi
1289 672 1404 702 tamen
1432 666 1510 701 aliis
1536 666 1619 701 viris

210 725 320 759 doctis
355 725 460 759 verba
494 724 578 759 adeo
612 725 764 770 pondere
791 736 909 760 carere
942 725 1164 769 videbantur,
1198 730 1235 759 ut
1265 725 1325 759 illa
1358 733 1390 760 et
1421 732 1621 760 convertunt

209 782 413 828 expellenda
445 794 520 818 esse
554 786 744 819 censerent.
798 783 896 825 Quod
928 784 1067 828 quidem
1099 795 1180 818 num
1215 787 1308 818 recte
1340 783 1484 818 fecerint
1521 783 1619 818 valde

213 841 333 876 dubito
367 852 479 887 neque
512 853 599 886 nego
631 842 941 886 Naegelsbachium
973 843 1008 876 in
1041 843 1199 888 plurimis
1231 853 1310 877 vere
1341 842 1528 886 iudicasse,
1559 842 1619 876 sed

210 899 295 934 illud
324 899 493 944 arbitror,
527 901 563 935 in
593 901 654 935 hac
681 912 717 935 re
746 911 882 935 sensum
911 901 1057 935 multum
1091 901 1205 936 valere
1238 904 1271 935 et
1302 902 1337 935 in
1365 911 1405 935 ea
1436 901 1619 944 sententia,

208 969 310 1004 quam
343 958 396 994 vir
423 958 482 994 ille
501 959 756 995 eruditissimus
774 959 969 1007 profitetur,
996 959 1096 995 facile
1114 959 1188 995 fieri
1207 959 1411 1006 periculum,
1437 970 1480 994 ne
1506 963 1619 995 mente

209 1023 464 1064 praeoccupata
503 1020 536 1053 in
578 1019 782 1065 scriptorem
815 1019 988 1054 interdum
1028 1019 1130 1054 nimis
1169 1019 1402 1064 inquiramu83
1443 1019 1544 1064 idque
1583 1019 1618 1054 in

208 1077 331 1122 primis
370 1077 405 1111 in
442 1077 626 1121 Cicerone,
666 1078 764 1112 cuius
804 1089 845 1112 ex
886 1078 1024 1123 scriptis
1056 1077 1346 1121 Naegelsbachius
1385 1088 1462 1111 cum
1502 1078 1619 1112 omnia

211 1139 350 1180 praeter
376 1147 480 1170 unum
510 1136 671 1182 exempla
698 1136 870 1181 hauserit,
898 1135 1134 1171 difficultatem
1163 1135 1337 1181 quandam
1363 1136 1438 1181 ipse
1465 1135 1531 1171 sibi
1557 1148 1619 1182 pa-

210 1194 310 1228 ravit.
364 1193 491 1229 Orator
518 1195 609 1229 enim
639 1205 706 1229 non
733 1195 842 1229 solum
871 1195 1063 1229 sententiae
1090 1199 1168 1239 apte
1200 1194 1402 1229 formandae
1429 1194 1488 1229 sed
1515 1196 1618 1230 etiam

210 1253 377 1288 orationis
410 1253 496 1288 bene
530 1253 706 1288 ornandae
739 1254 863 1288 iustam
906 1253 1008 1288 habet
1045 1253 1214 1288 rationem
1255 1256 1289 1288 et
1325 1256 1398 1288 tota
1438 1253 1618 1289 verborum

209 1312 417 1358 compositio
445 1324 513 1347 non
541 1313 652 1356 magis
680 1313 842 1356 gravitati
870 1313 977 1347 servit
1004 1323 1106 1358 quam
1136 1312 1310 1347 suavitati.
1354 1312 1468 1357 Atque
1495 1313 1529 1347 in
1556 1313 1619 1348 hac

209 1382 246 1406 rc
274 1370 475 1406 Ciceronem
502 1375 582 1406 ante
609 1382 728 1406 omnes
755 1371 969 1415 elaborasse,
1004 1371 1062 1416 qui
1090 1371 1263 1405 orationes
1291 1371 1363 1405 eius
1389 1370 1488 1415 legit,
1518 1371 1619 1406 facile

208 1430 398 1475 cognoscit,
426 1441 489 1466 nec
515 1435 633 1465 carent
658 1434 771 1466 cetera
797 1430 870 1465 eius
895 1430 1027 1476 scripta
1045 1429 1215 1476 exemplis
1234 1429 1334 1464 huius
1354 1429 1495 1464 oratorii
1514 1430 1619 1465 studii

208 1490 412 1524 manifestis.
441 1509 484 1513 —
515 1489 582 1524 Sed
610 1501 710 1535 quem
738 1490 772 1524 in
800 1490 957 1524 oratione
984 1489 1095 1524 locum
1123 1489 1226 1524 habet
1243 1489 1460 1534 compositio,
1487 1500 1564 1523 eum
1582 1489 1618 1524 in

209 1551 369 1594 poemate
397 1548 602 1583 versificatio
630 1549 822 1594 quibusque
854 1551 971 1583 orator
1002 1548 1134 1582 artibus
1173 1547 1296 1591 utitur,
1334 1547 1403 1582 illis
1442 1558 1544 1593 saepe
1576 1559 1618 1582 ne

209 1611 311 1653 poeta
344 1607 483 1653 quidem
518 1611 632 1653 potest
663 1618 791 1642 carere.
845 1606 963 1651 Neque
995 1606 1085 1641 enim
1122 1605 1231 1640 solum
1265 1606 1379 1640 animo
1407 1617 1525 1641 versus
1559 1607 1618 1641 sed

206 1668 309 1701 etiam
351 1667 491 1701 auribus
531 1666 628 1711 quasi
673 1666 891 1711 accipiuntur
930 1676 993 1700 nec
1034 1665 1195 1709 leguntur
1233 1668 1367 1699 tantum
1411 1664 1471 1699 sed
1513 1665 1616 1699 etiam

208 1725 405 1759 audiuntur.
458 1727 573 1770 Atque
600 1726 629 1759 si
657 1735 759 1770 quem
789 1724 911 1768 alium,
945 1723 1141 1758 Lucretium
1170 1727 1311 1769 propter
1337 1724 1502 1758 materiae
1529 1723 1618 1757 diffi-

206 1783 391 1826 cultatem,
432 1787 469 1818 ut
501 1783 690 1826 legentium
725 1784 859 1817 animos
893 1787 1025 1817 teneret
1057 1794 1124 1816 non
1157 1782 1363 1825 deterreret,
1396 1782 1430 1816 in
1462 1782 1618 1817 versibus

207 1842 402 1888 pangendis
433 1842 517 1876 utile
549 1852 626 1876 cum
661 1841 752 1875 dulci
786 1841 994 1883 coniungere
1034 1840 1229 1886 oportebat,
1269 1840 1359 1885 quod
1398 1851 1464 1884 quo
1504 1840 1617 1874 studio

205 1902 339 1946 fecerit,
366 1901 442 1948 ipse
471 1901 547 1947 plus
576 1912 677 1948 quam
707 1899 813 1935 semel
840 1899 1001 1945 affirmat,
1029 1911 1095 1946 quo
1123 1903 1247 1936 eventu
1274 1898 1436 1944 effecerit,
1463 1898 1618 1934 carmina

206 1962 332 1995 mirum
375 1964 544 2005 quantum
584 1961 781 1995 ostendunt.
833 1959 981 1994 Proinde
1014 1979 1060 1983 —
1092 1960 1161 1994 iam
1195 1959 1298 1994 redeo
1330 1959 1373 1993 ad
1405 1958 1499 1993 illam
1531 1969 1617 2002 rem,

208 2020 297 2056 unde
331 2019 506 2067 profectus
539 2030 614 2055 sum
643 2042 690 2046 —
717 2022 755 2053 ut
781 2018 822 2053 de
852 2018 921 2054 illis
954 2018 1055 2064 locis,
1090 2018 1147 2053 ubi
1181 2018 1361 2053 verborum
1396 2016 1617 2060 cognomina-

208 2085 321 2114 torum
348 2080 592 2114 coniunctione
618 2079 730 2113 maior
757 2079 923 2123 quaedam
952 2079 1144 2113 sententiae
1170 2078 1222 2112 vis
1249 2081 1353 2121 atque
1379 2075 1531 2119 gravitas
1549 2086 1616 2110 non

210 2137 374 2182 efficitur,
407 2142 499 2173 recte
533 2137 741 2180 iudicemus,
780 2137 914 2171 cautius
946 2139 1084 2181 oportet
1109 2136 1260 2169 rationes
1287 2134 1617 2179 circumspiciamus,

209 2197 333 2242 quibus
358 2203 395 2232 ut
421 2209 461 2233 ea
480 2196 666 2232 collocaret
684 2199 784 2241 poeta
807 2198 1001 2231 commotus
1029 2205 1103 2229 esse
1130 2193 1297 2228 videatur.
1339 2191 1412 2234 Qua
1439 2193 1473 2227 in
1492 2202 1529 2227 re
1548 2203 1615 2227 non

210 2256 333 2290 inutile
369 2257 433 2290 erit
473 2257 586 2300 legere
626 2266 712 2299 quae
739 2254 871 2290 Gellius
910 2255 945 2287 in
981 2253 1095 2298 capite
1122 2252 1219 2286 XXV
1254 2252 1331 2286 libri
1358 2251 1438 2286 XIII
1465 2252 1615 2286 noctium

210 2315 405 2350 Atticarum
445 2315 486 2351 de
519 2313 711 2351 rationibus
745 2313 857 2349 verbis
890 2311 1047 2359 pluribus
1081 2310 1172 2346 idem
1200 2309 1472 2355 significantibus
1498 2309 1616 2345 utendi

210 2378 309 2409 acute
340 2374 527 2419 scripserit.
581 2374 641 2409 Ille
676 2374 766 2408 enim
799 2376 920 2408 narrat
945 2371 1155 2406 Favorinum
1195 2370 1437 2415 philosophum
1467 2369 1503 2404 in
1536 2380 1616 2405 area

212 2435 277 2469 fori
305 2433 445 2468 Traiani
478 2432 729 2476 ambulantem,
769 2443 847 2467 cum
880 2430 1076 2466 simulacris
1109 2440 1273 2474 equorum
1306 2433 1409 2473 atque
1441 2428 1614 2472 signorum
