1835 2765
858 46 906 82 55

180 155 282 180 sensu
310 144 412 182 verba
434 147 694 194 principiorum
718 145 881 191 motibus,
916 144 948 181 h.
975 156 1004 181 e.
1032 147 1103 181 suis
1129 142 1287 190 motibus,
1316 144 1414 192 peius
1440 142 1497 180 hic
1523 153 1584 189 po-

179 203 246 240 sita
272 208 362 249 sunt,
390 204 449 240 ubi
475 205 608 250 pondus
635 216 751 240 eorum
779 204 911 240 nullum
939 207 1001 249 est,
1029 208 1063 240 et
1089 205 1237 250 simplici
1261 204 1410 240 ablativo
1434 204 1583 239 motibus

178 262 279 308 longe
298 263 534 310 postponenda
553 263 743 299 videantur.
789 262 937 298 Sustulit
955 273 1037 297 sane
1056 263 1222 297 orationis
1241 263 1431 298 ubertatem
1450 262 1583 297 Becke-

179 321 385 367 muellerus,
417 332 492 358 cum
515 324 700 370 principia
725 322 767 358 de
794 325 891 367 aere,
920 324 1039 367 vento,
1066 332 1193 367 vapore
1220 325 1408 368 quartaque
1434 321 1494 357 illa
1520 332 1583 357 na-

180 383 270 426 tura,
296 381 338 416 de
363 380 486 427 quibus
513 380 614 426 paulo
642 383 743 416 antea
769 382 871 426 poeta
898 380 1068 426 exposuit,
1097 379 1189 414 dicta
1215 380 1356 425 accipit3
1384 380 1443 415 sed
1466 385 1582 426 partes

180 439 258 476 illas
284 440 390 476 animi
418 439 541 475 merito
566 441 746 487 principia
773 438 942 486 appellari
968 450 1070 486 posse
1097 438 1172 485 quis
1199 448 1277 474 cum
1302 437 1582 475 Bockemuellero

180 499 394 536 consentiet?
436 498 554 544 Itaque
579 501 678 534 teneo
700 501 902 546 primordia
925 500 1185 546 principiorum
1203 497 1340 533 abunde
1358 498 1481 543 posita,
1508 498 1584 543 qui-

182 557 246 595 bus
274 557 421 595 addendi
448 561 548 593 erunt
573 557 623 594 illi
649 559 784 595 nidoris
802 559 923 594 odores
942 558 1064 605 quibus
1082 560 1185 605 poeta
1203 556 1380 593 liberalius
1398 567 1460 592 1108
1478 557 1583 592 dona·

180 618 230 653 vit
256 618 291 652 in
319 629 349 653 v.
369 617 438 652 987
459 617 537 653 libri
556 618 616 661 VI;
643 629 703 653 cur
721 618 810 653 enim
830 619 994 654 odoribue
1012 618 1094 652 solis
1112 628 1182 652 non
1200 620 1382 652 contentus
1400 616 1478 661 fuit,
1505 628 1581 651 cum

181 677 304 711 nidore
317 673 391 722 (qui
409 675 492 712 item
507 679 558 712 est
573 678 669 720 odor,
685 676 728 712 cf.
740 675 918 712 Munronis
933 679 1048 712 notam
1065 676 1107 711 ad
1122 687 1171 711 vs.
1188 675 1218 711 ΙΙ
1232 677 1316 721 683,
1334 675 1381 711 IV
1397 676 1482 720 684)
1497 674 1584 710 nihil

149 750 152 754 ⁴
183 735 262 770 novi
289 735 481 771 addiderit?
507 734 591 770 Mihi
618 738 719 781 poeta
745 735 808 771 hoc
833 735 907 771 loco
935 736 1032 781 quasi
1052 736 1157 771 totius
1175 735 1306 770 nidoris
1326 745 1445 770 omnes
1465 735 1583 780 singu-

181 793 233 828 los
266 794 388 830 odores
419 794 538 829 eodem
564 794 754 829 abundanti
781 793 916 829 dicendi
942 805 1065 838 genere
1091 794 1227 829 videtur
1253 793 1482 838 significasse,
1516 805 1582 839 quo

182 863 260 887 eum
287 854 377 888 airis
403 865 509 887 aurae
536 851 691 899 pluribus
717 851 802 887 10018
829 851 963 887 abunde
989 852 1207 888 coniunxisse
1234 853 1427 888 invenimus
1448 851 1479 898 (Ι
1498 853 1582 897 207,

183 909 328 959 783184,
366 912 448 957 801,
480 908 600 958 80314,
634 912 737 956 1087,
770 910 801 946 ΙΙ
820 908 940 957 20314,
970 910 1018 945 III
1035 911 1120 955 456,
1153 909 1296 958 568169,
1325 912 1407 956 589,
1437 909 1581 958 749150,

181 969 228 1005 IV
254 971 338 1016 691,
372 969 400 1004 V
426 971 510 1015 502,
543 969 590 1005 VI
611 970 715 1014 1224,
750 970 791 1004 cf.
819 969 866 1004 III
892 970 975 1014 575,
1010 969 1039 1003 V
1059 968 1156 1014 854).
1207 969 1294 1004 Nam
1322 972 1419 1005 auris
1446 981 1581 1015 quoque

181 1036 242 1065 αὲν
270 1028 484 1075 significatur
516 1029 574 1064 sed
602 1028 718 1064 eodem
752 1027 893 1064 consilio
927 1028 1078 1074 poetico,
1114 1039 1179 1074 quo
1212 1039 1273 1063 nos
1307 1028 1432 1074 plurali
1452 1024 1581 1064 ‘Lfifte'

183 1092 297 1124 aerem
330 1092 459 1124 motum
495 1092 529 1123 et
562 1088 659 1134 quasi
694 1088 882 1133 spirantem
918 1087 1147 1133 depingimus.
1206 1087 1337 1122 Eadem
1368 1088 1497 1123 seilicet
1530 1091 1582 1123 cst

181 1147 333 1193 ubertas,
352 1158 428 1182 011111
448 1146 626 1182 Lucretius
645 1157 706 1193 pro
725 1146 882 1191 genetivo
902 1148 993 1181 airis
1013 1146 1181 1181 adiectivo
1200 1148 1317 1182 <iarius
1336 1147 1443 1182 utitur
1456 1146 1483 1190 (Ι
1498 1147 1581 1192 771,

180 1206 225 1241 IV
252 1207 334 1251 930,
361 1206 390 1241 V
417 1207 500 1250 501,
527 1210 565 1241 111
590 1206 761 1250 Vergilius
787 1206 822 1240 111
849 1206 1002 1241 Aeneide
1030 1205 1058 1239 V
1085 1206 1176 1250 520,
1207 1205 1351 1241 Ovidius
1379 1206 1414 1241 in
1441 1205 1580 1241 Metam.

183 1264 228 1299 IX
255 1265 337 1310 219,
370 1264 402 1299 X
432 1266 510 1309 178,
542 1263 622 1299 XIV
650 1264 744 1308 127).
796 1263 969 1299 Particula
996 1266 1109 1299 autem
1137 1264 1320 1299 coniuncta
1347 1267 1408 1299 αέν
1434 1268 1468 1299 01
1493 1278 1583 1300 aura

181 1324 272 1370 apud
302 1323 500 1359 Lucretium
534 1334 602 1358 non
635 1322 874 1368 inveniuntur,
907 1334 993 1368 quae
1025 1325 1142 1358 tamen
1168 1322 1329 1369 copulata
1356 1323 1513 1359 videmus
1539 1324 1581 1359 ab

182 1381 302 1417 Ovidio
341 1382 376 1416 in
407 1381 544 1417 Metam.
575 1381 662 1416 libro
693 1381 774 1426 XV,
804 1393 853 1416 vs.
882 1379 1011 1428 246147
1040 1389 1197 1417 tenuatus
1222 1384 1261 1417 in
1287 1395 1395 1417 aurae
1420 1383 1582 1429 Aeraque

183 1439 229 1485 (h.
258 1452 286 1477 e.
313 1443 350 1476 in
376 1454 483 1476 aurae
509 1441 612 1485 airis)
639 1441 761 1476 humor
787 1440 869 1476 abit.
920 1439 985 1476 Sed
1014 1440 1065 1476 bis
1090 1439 1272 1477 Lucretius
1299 1441 1446 1477 aetheris
1471 1455 1580 1485 ,auras

181 1499 244 1546 (111
262 1501 346 1546 833)
374 1503 408 1536 et
425 1501 593 1536 aetherias
611 1513 717 1535 auras
736 1499 795 1543 (III
812 1500 897 1544 405)
917 1500 1044 1546 posuit,
1071 1500 1193 1546 quibus
1213 1500 1345 1536 duobus
1364 1501 1449 1536 locis
1468 1500 1577 1536 Lach-

182 1570 327 1595 mannus
354 1559 462 1596 altero
488 1560 631 1595 aetheris
658 1572 736 1595 oras
762 1558 869 1595 altero
887 1561 999 1595 aeriae
1017 1572 1123 1595 auras
1140 1560 1306 1606 reposuit,
1334 1560 1415 1605 quia
1432 1561 1578 1596 aetheris

183 1632 290 1653 aurae
316 1618 430 1654 nullae
457 1630 532 1654 esse
557 1622 707 1665 possent.
752 1617 819 1654 Sed
845 1621 935 1654 recte
960 1617 1081 1653 Munro
1107 1619 1143 1653 id
1168 1619 1250 1653 mihi
1269 1619 1404 1654 videtur
1422 1619 1577 1654 animad-

180 1680 315 1713 vertere
346 1680 482 1724 poetam
518 1677 643 1713 talibus
674 1677 757 1713 locis
789 1677 936 1713 aetheris
966 1676 1059 1712 illius
1090 1677 1168 1724 puri
1202 1680 1236 1713 et
1267 1677 1398 1712 modice
1428 1677 1577 1713 labentis

183 1736 281 1782 quasi
308 1736 450 1771 oblitum
478 1747 565 1781 esse,
592 1747 692 1782 quem
716 1736 813 1772 nobis
837 1737 911 1783 ipse
929 1736 1083 1782 depingit
1100 1737 1135 1771 in
1155 1748 1202 1771 vs.
1222 1737 1418 1772 495—508
1444 1736 1525 1772 libri
1546 1736 1576 1771 V

181 1798 215 1830 et
232 1794 434 1841 simpliciter
452 1795 583 1829 aethere
601 1806 742 1841 superas
760 1795 845 1831 caeli
863 1795 1018 1840 regiones
1036 1794 1259 1840 significasse,
1273 1795 1309 1830 in
1331 1805 1398 1840 qua
1416 1806 1452 1830 re
1471 1795 1573 1830 etiam

182 1854 242 1889 alii
268 1856 390 1900 poetae
417 1864 493 1889 eum
520 1853 628 1889 secuti
655 1856 734 1889 sunt
758 1856 797 1889 ut
814 1853 997 1899 Vergilius,
1025 1853 1178 1899 Ovidius,
1206 1865 1350 1900 quorum
1374 1854 1466 1889 locos
1486 1854 1574 1900 quod

179 1912 419 1949 Lachmannus
454 1923 571 1948 omnes
605 1913 771 1957 correxit,
804 1913 975 1948 laudanda
1009 1916 1062 1948 est
1086 1913 1152 1948 viri
1179 1913 1305 1957 egregii
1332 1913 1367 1947 in
1393 1913 1574 1948 iudicando

180 1972 383 2017 constantia,
410 1972 496 2007 ratio
524 1972 596 2007 eius
622 1972 679 2007 vix
707 1972 889 2018 sequenda.
928 1972 1016 2007 Nam
1043 1971 1224 2008 Lucretius
1247 1983 1315 2007 non
1340 1972 1448 2008 solum
1468 1986 1575 2007 aurae

180 2032 323 2067 aetheris
349 2031 402 2067 vel
428 2032 597 2066 aetherias
622 2033 877 2075 commemorat,
904 2031 1127 2067 inveniuntur
1153 2032 1255 2067 etiam
1282 2032 1452 2067 aetheriae
1468 2032 1575 2067 nubes

180 2093 293 2127 austri
316 2090 375 2134 (IV
396 2091 464 2126 180
485 2090 526 2126 cf.
547 2089 591 2125 VI
608 2091 665 2135 98,
693 2091 775 2135 268,
802 2090 900 2134 291),
926 2101 1132 2136 quamquam
1161 2093 1281 2137 poetae
1307 2101 1443 2137 semper
1468 2092 1574 2126 innu-

180 2151 269 2186 bilus
287 2152 340 2186 est
356 2149 474 2185 aether
490 2147 552 2194 (111
570 2149 641 2193 21),
669 2160 754 2194 quae
772 2159 826 2184 res
844 2149 933 2184 inter
951 2159 988 2184 se
1006 2149 1106 2184 valde
1124 2149 1330 2195 discrepant,
1350 2150 1416 2184 nisi
1436 2150 1575 2186 aethere

179 2220 255 2245 oras
282 2208 444 2245 caelestes
470 2207 654 2253 significari
681 2208 872 2244 statuimus.
912 2207 1077 2242 Videmus
1103 2208 1219 2253 igitur,
1248 2219 1312 2253 quo
1340 2208 1414 2243 iure
1442 2213 1477 2244 et
1502 2209 1574 2245 Lu-

180 2269 305 2304 eretius
332 2267 438 2303 solem
464 2268 651 2303 aetherium
677 2267 827 2313 appellet
851 2266 894 2309 (V
914 2267 995 2310 215,
1024 2268 1105 2311 267,
1134 2268 1215 2311 281,
1240 2266 1325 2313 389)
1350 2271 1384 2303 et
1402 2267 1575 2313 Vergilius

179 2337 246 2362 non
278 2326 380 2362 modo
413 2326 517 2361 solem
554 2326 653 2368 (Aen.
682 2325 759 2361 VIII
780 2324 841 2370 68)
874 2324 933 2360 sed
964 2325 1066 2360 etiam
1098 2325 1210 2360 sidera
1237 2325 1337 2367 (Aen.
1358 2326 1421 2361 VII
1441 2326 1574 2373 76718),

179 2389 273 2422 astra
299 2386 343 2431 (V
360 2386 459 2432 517),
484 2385 618 2422 nimbos
643 2383 737 2432 (VIII
755 2383 853 2432 608),
879 2383 1020 2420 Ovidius
1046 2384 1129 2420 item
1153 2384 1279 2421 nubem
1297 2383 1376 2432 (XV
1396 2387 1493 2433 804),
1521 2390 1574 2422 tu-

178 2445 307 2481 multus
338 2445 397 2489 (111
422 2444 555 2492 30819).
608 2445 695 2481 Sunt
720 2446 811 2481 enim
838 2445 921 2480 haee
945 2444 1064 2480 eadem
1090 2445 1224 2481 ratione
1249 2446 1381 2492 posita,
1414 2458 1481 2493 qua
1506 2446 1574 2481 Lu-
