1835 2765
901 63 949 100 49

222 159 271 196 ΠΙ
296 161 366 198 527
394 164 428 197 et
452 164 533 198 inde
553 175 732 210 proporro
759 161 805 197 lv
832 163 902 198 887
932 162 1046 205 (aliter
1071 173 1107 198 se
1133 162 1258 199 habere
1285 162 1420 198 videtur
1447 174 1477 197 v.
1502 161 1533 197 II
1551 162 1617 198 271

221 221 303 256 inde
327 222 410 257 dari
427 234 539 269 porro
561 234 629 269 per
655 228 762 257 totum
788 233 915 269 corpus
938 228 970 255 et
988 228 1104 264 artu85
1131 232 1209 256 nam
1228 221 1284 256 hic
1296 234 1408 269 porro
1426 223 1509 257 dari
1525 220 1624 267 quasi

222 291 326 316 unum
361 280 501 317 verbum
535 281 763 327 compositum
804 279 988 327 respondet
1026 284 1142 316 nostro
1169 279 1256 315 ‘sich
1294 278 1621 317 weiterverbreiten'

221 339 426 384 (Lambinus
456 341 704 387 interpretatur
723 352 951 387 permanare,
979 340 1176 383 distribui),
1207 340 1289 375 inde
1311 340 1458 375 refertur
1481 340 1523 376 ad
1544 342 1624 388 pri-

221 413 316 435 mum
339 396 575 447 praecedens).
621 398 711 434 Sane
736 409 780 434 ne
807 399 841 434 in
869 398 921 433 his
949 398 1084 444 quidem
1114 398 1203 434 inest
1224 409 1320 434 mera
1336 399 1535 444 tautologia,
1564 399 1623 435 sed

221 458 336 505 priore
362 458 435 494 loco
463 457 598 493 111527
625 456 711 492 illud
732 464 817 505 poet
840 457 1007 504 temporis
1034 457 1200 492 rationem
1231 457 1349 502 habet,
1376 457 1505 492 ordinis
1530 460 1623 503 inde,

222 520 257 553 et
287 517 371 553 haec
402 519 455 552 est
487 516 675 551 sententia:
707 524 829 565 postea
854 531 876 552 a
902 517 1053 565 pedibus
1079 524 1111 552 et
1136 519 1295 553 eruribus
1322 517 1424 552 letum
1447 529 1513 564 per
1538 518 1626 552 alios

222 583 318 612 artus
345 577 466 620 datur,
500 575 725 622 similiterque
751 577 785 611 in
813 576 920 612 altero
948 588 1048 612 versu
1076 576 1121 612 IV
1142 577 1211 612 887
1238 576 1403 612 adverbio
1430 577 1510 611 inde
1536 579 1625 611 tem-

222 635 316 682 poris
347 634 427 670 ordo
461 634 690 680 significatur,
730 635 898 682 particula
929 641 1105 684 proporro
1138 635 1218 682 quid
1251 636 1285 671 in
1321 646 1436 671 rerum
1472 636 1624 682 ipsarum

221 704 407 741 progressu
439 698 601 740 sequatur
634 695 836 730 ostenditur.
894 694 961 730 Sed
993 707 1059 730 non
1094 706 1179 742 opus
1206 700 1280 731 erat
1307 699 1444 742 poetam
1472 698 1542 730 tam
1571 705 1627 730 ac-

222 756 339 788 curate
364 752 475 799 loqui,
507 764 583 789 cum
617 754 700 789 haec
727 753 920 789 necessario
946 753 1036 789 inter
1062 765 1097 789 se
1124 754 1345 800 cohaereant,
1373 759 1407 790 et
1433 754 1544 789 oritur
1571 753 1626 789 hic

223 812 387 848 orationis
414 812 582 859 quaedam
610 812 822 848 abundantia
848 812 978 859 pariter
1005 816 1106 858 atque
1132 813 1165 848 in
1194 825 1242 848 vs.
1271 813 1316 848 VI
1345 814 1413 849 763
1435 821 1520 861 poet
1544 814 1625 848 hine

223 890 270 894 —
303 870 373 915 (ne)
404 884 561 915 reamur,
596 871 609 906 I
640 869 778 917 155156
811 871 872 906 ubi
902 872 1089 906 viderimus
1114 872 1167 905 nil
1190 884 1289 918 posse
1315 874 1428 907 creari
1454 872 1510 907 De
1536 872 1623 915 nilo,

222 937 293 965 tum
320 931 414 978 quod
438 932 614 978 sequimur
639 932 711 965 iam
736 931 861 965 rectius
886 931 968 965 inde
985 930 1252 978 Perspiciemue,
1281 930 1426 976 denique
1451 931 1487 965 in
1505 931 1624 966 crebro

221 989 281 1024 illo
308 997 380 1025 tum
403 1002 516 1038 porro
544 989 557 1024 Ι
584 990 666 1034 298,
694 990 779 1034 426,
805 990 889 1032 520,
916 989 999 1034 599,
1027 988 1058 1023 ΙΙ
1084 990 1168 1033 594,
1196 990 1284 1033 673,
1320 987 1436 1035 (paulo
1463 992 1563 1024 antea
1589 989 1624 1024 in

223 1060 254 1083 v.
283 1049 354 1085 669
380 1048 516 1084 dixerat
540 1049 620 1083 hinc
639 1047 767 1096 porro)
796 1049 877 1093 788,
906 1049 990 1093 886,
1017 1047 1063 1082 IV
1086 1049 1170 1093 826,
1199 1047 1227 1081 V
1246 1048 1329 1092 222,
1356 1047 1490 1083 V1623
1517 1067 1562 1071 -
1590 1048 1624 1083 in

223 1118 253 1142 v.
281 1106 309 1142 11
332 1107 403 1144 926
435 1107 518 1143 dicit
550 1115 622 1143 tum
651 1114 847 1155 praeterea,
884 1118 926 1143 ex
958 1107 1082 1153 quibus
1109 1107 1289 1154 particulis
1316 1107 1423 1142 altera
1445 1121 1555 1155 porro
1582 1107 1625 1143 ad

221 1175 344 1200 novam
372 1167 576 1201 sententiam
604 1166 835 1212 progreditur,
862 1177 949 1211 quae
976 1166 1138 1201 adverbio
1166 1173 1236 1201 tum
1263 1177 1344 1211 pars
1363 1166 1495 1201 ordinis
1514 1167 1627 1200 cuius-

222 1223 300 1259 dam
328 1225 576 1261 sententiarum
605 1224 828 1270 significatur.
859 1244 901 1249 —
930 1224 967 1260 In
995 1236 1097 1260 versu
1124 1224 1225 1261 1461
1255 1224 1337 1261 licet
1362 1235 1438 1260 cum
1459 1224 1627 1261 Munrone

222 1283 424 1329 particulam
453 1285 575 1319 deinde
601 1284 644 1319 ad
672 1284 813 1319 verbum
841 1291 1005 1330 sequatur
1031 1284 1171 1329 referre,
1200 1284 1256 1329 qui
1284 1287 1400 1319 tamen
1428 1284 1482 1318 vir
1508 1284 1627 1319 doctus

223 1352 305 1376 num
332 1341 368 1376 in
395 1353 428 1377 v.
451 1341 482 1377 V
509 1342 602 1378 1005
635 1349 707 1377 tum
742 1343 864 1377 deinde
889 1345 982 1377 recte
1014 1342 1233 1377 coniunxerit
1259 1342 1358 1378 valde
1384 1341 1513 1378 dubito.
1565 1342 1630 1377 Hic

223 1400 313 1436 enim
341 1400 511 1447 particula
537 1402 659 1437 deinde
685 1401 864 1447 sequentia
889 1398 1050 1447 (100516,
1073 1398 1217 1446 100718)
1237 1402 1411 1448 prioribus
1431 1403 1627 1447 (988-99,

227 1458 484 1505 1000—1004)
510 1460 692 1504 adduntur,
719 1460 804 1494 illud
830 1467 901 1495 tum
928 1463 1041 1494 autem
1070 1464 1208 1506 postero
1235 1473 1327 1495 nunc
1352 1460 1536 1495 manifesto
1564 1471 1625 1506 op-

224 1518 374 1564 positum
402 1521 464 1554 est.

320 1576 386 1612 Est
418 1576 540 1612 deinde
571 1577 738 1623 quaedam
772 1577 888 1622 gravis
919 1577 1083 1612 orationis
1116 1577 1255 1612 ubertas
1286 1577 1322 1611 in
1355 1576 1414 1612 illo
1442 1579 1512 1613 eive
1537 1579 1623 1613 adeo

215 1637 336 1683 potius
370 1635 521 1681 11019,
554 1647 620 1682 quo
652 1647 692 1671 ea
724 1646 810 1682 quae
843 1635 1051 1682 praecedunt
1082 1636 1179 1681 quasi
1212 1635 1449 1681 corriguntur,
1488 1640 1522 1671 et
1554 1638 1625 1671 eive

223 1696 325 1730 etiam
345 1696 467 1742 potius
494 1694 540 1730 IV
558 1696 640 1740 354,
669 1695 709 1730 de
737 1695 860 1741 quibus
889 1694 966 1730 vide
984 1694 1020 1730 C.
1038 1693 1076 1729 F.
1095 1693 1147 1730 W.
1168 1693 1324 1730 Muelleri
1343 1694 1619 1731 dissertationem

221 1753 263 1790 de
289 1753 457 1801 particula
484 1751 601 1801 eive¹)‚
630 1765 708 1801 pag.
736 1752 862 1801 23124,
899 1757 999 1801 atque
1020 1756 1140 1802 potius
1166 1754 1327 1790 adverbio
1354 1756 1457 1790 etiam
1484 1755 1533 1790 sic
1559 1754 1620 1790 ad-

222 1813 375 1848 iunctum
402 1813 577 1848 invenitur
602 1816 783 1859 praeterea
809 1815 842 1848 in
872 1825 901 1848 v.
922 1813 969 1849 ΙΙΙ
990 1814 1059 1849 947
1078 1821 1180 1861 atque
1198 1816 1300 1849 etiam
1312 1816 1445 1861 potius,
1473 1816 1507 1849 si
1522 1827 1623 1849 num—

225 1885 330 1919 quam
355 1874 403 1907 eis
429 1874 627 1908 moriturus.

320 1931 433 1966 Aliter
458 1942 513 1966 res
540 1942 576 1966 se
600 1930 703 1965 habet
719 1929 768 1965 ibi
786 1930 842 1966 ubi
862 1941 882 1965 a
900 1929 1059 1966 Lucretio
1078 1933 1209 1979 quippe
1223 1934 1313 1966 enim
1330 1931 1391 1976 (VI
1410 1931 1493 1976 617,
1517 1931 1622 1975 1018)

226 1994 260 2026 et
287 1992 416 2039 quippe
442 1991 562 2025 etenim
589 1988 617 2033 (I
648 1989 728 2034 104,
763 1988 793 2024 ΙΙ
819 1990 902 2034 547,
932 1990 1012 2034 792,
1045 1992 1148 2035 1133,
1176 1990 1221 2025 ΙΙΙ
1249 1992 1331 2034 440,
1360 1991 1441 2035 798,
1469 1989 1513 2025 IV
1541 1991 1624 2035 726,

224 2050 307 2094 857,
341 2050 424 2094 898,
458 2048 486 2083 V
516 2049 596 2093 126,
629 2048 712 2093 240,
743 2049 828 2093 449,
864 2049 966 2092 1060,
1004 2049 1109 2093 1167,
1139 2048 1181 2083 Vl
1209 2050 1291 2094 271,
1319 2050 1400 2093 826,
1428 2049 1513 2094 938,
1539 2049 1624 2094 984,

227 2109 333 2153 1232)
360 2107 519 2155 copulata
545 2106 711 2143 videmus.
754 2105 818 2141 His
847 2105 931 2141 locis
958 2105 1049 2141 enim
1076 2117 1143 2141 non
1170 2111 1240 2142 tam
1268 2107 1501 2153 pleonasmum
1522 2118 1623 2153 quam

225 2167 362 2214 ellipsin
396 2166 568 2213 quandam
596 2165 760 2201 orationis
787 2165 925 2200 subesse
943 2168 1034 2199 recte
1053 2164 1138 2200 dicit
1154 2165 1324 2209 Reisigius
1342 2165 1377 2200 in
1396 2165 1522 2201 scholis
1540 2166 1625 2212 suis,

224 2237 302 2274 pag.
332 2228 420 2271 8033
447 2224 714 2270 intellegendum
741 2223 877 2260 videtur
903 2223 1137 2259 enuntiatum:
1166 2226 1295 2272 quippe
1320 2225 1383 2260 hoe
1401 2227 1465 2275 fit,
1495 2228 1627 2275 quippe

225 2299 331 2322 cauea
362 2286 445 2322 haec
476 2292 542 2329 eet,
576 2284 688 2320 simile
719 2283 817 2329 quid,
849 2294 936 2330 quae
962 2283 1131 2318 sententia
1158 2284 1311 2329 sequenti
1338 2284 1511 2330 particula
1537 2288 1628 2321 enim

224 2344 279 2380 vel
313 2347 435 2381 etenim
471 2347 531 2380 aut
560 2343 856 2380 coniunctionibus
888 2342 949 2378 ubi
973 2341 1003 2385 (I
1025 2342 1104 2387 182,
1131 2342 1213 2387 242,
1248 2343 1331 2388 617,
1358 2343 1444 2389 990,
1471 2343 1517 2380 111
1542 2346 1627 2390 430,

324 2480 346 2517 ¹)
368 2480 543 2518 Programm
564 2480 618 2510 des
638 2478 948 2510 Joachimsthalschen
969 2478 1190 2516 Gymnasium,
1212 2478 1313 2508 Berlin
1335 2479 1420 2509 1871.

1430 2528 1449 2556 4
