1835 2765
873 58 919 93 66

183 158 281 203 qitur
312 157 410 189 auris
437 154 606 189 adiectivo
632 156 769 189 vicinus
795 154 958 199 tangendi
986 154 1037 188 vis
1064 153 1196 200 poetice
1223 154 1348 188 iterum
1377 154 1593 199 exprimitur.

185 214 231 249 Et
257 213 315 248 vix
343 213 442 248 aliter
469 213 621 248 iudicare
650 213 841 259 poterimus
869 214 910 248 de
939 224 969 247 v.
996 212 1026 247 ΙΙ
1055 213 1101 247 82
1129 214 1226 247 avius
1254 227 1273 247 a
1300 225 1381 247 vera
1410 213 1509 259 louye
1534 226 1595 248 ra—

186 274 277 307 tione
307 274 467 319 vaqaris,
503 272 558 306 cui
591 271 715 307 similis
747 277 800 306 est
834 272 1013 307 verborum
1048 270 1272 306 collocatione
1306 274 1340 305 et
1366 271 1538 306 sententia
1564 283 1595 306 v.

185 330 216 366 Il
243 331 314 367 229
349 332 450 366 avius
483 345 503 366 a
535 344 617 367 vera
649 332 749 379 lonqe
782 334 917 367 ratione
947 331 1075 366 recedit
1106 329 1240 366 collatis
1272 329 1427 365 versibus
1463 329 1493 365 II
1522 330 1593 365 740

184 392 310 438 procul
333 393 433 426 avius
461 405 558 427 errae
584 394 618 427 et
644 391 690 426 III
717 392 789 428 463
818 393 916 426 avius
943 398 1038 427 errat
1065 390 1177 438 Saepe
1203 392 1338 425 animus
1364 389 1397 424 h.
1418 400 1446 425 e.
1474 391 1516 425 de
1539 392 1596 425 via

185 450 334 485 aberrat.
388 449 543 485 Eandem
572 450 741 485 rationem
770 450 893 485 deinde
920 461 1146 495 agnoscemus
1173 450 1207 484 in
1236 461 1285 484 vs.
1310 446 1507 495 111315s16
1527 449 1595 495 dzf-

174 510 278 554 ferre
310 517 473 544 necessest
503 509 664 543 Natura&
691 510 869 543 hominum
893 511 1031 552 varius,
1066 508 1095 541 V
1127 509 1218 543 1265
1245 510 1333 543 levia
1359 509 1483 542 radere
1500 510 1597 555 tiyna

185 566 231 613 (si
258 567 396 604 Marulli
423 567 653 602 coniecturam
683 564 886 612 sequimur),
915 566 960 601 VI
980 567 1051 601 834
1078 567 1253 603 claudicat
1278 568 1443 615 extemplo
1466 569 1597 615 pinna-

186 641 266 662 rum
291 630 389 663 nisus
414 628 532 661 innuis
559 626 706 671 denique
735 624 780 659 VI
810 626 853 660 12
880 623 998 671 (vidit)
1024 626 1157 660 divitiis
1182 626 1336 662 homines
1362 634 1392 662 et
1417 627 1544 662 honore
1567 634 1599 662 et
1625 646 1627 649 f

188 687 291 721 laude
318 692 471 733 potentes
498 685 667 730 Affluere,
697 684 786 729 quod
814 687 869 718 sat
895 684 1048 727 graviter
1074 684 1201 719 dictum
1224 683 1345 719 Mum-0
1374 686 1458 721 benc
1478 686 1596 720 vertit:

186 758 274 780 were
302 751 402 791 yreat
430 746 469 779 in
508 744 675 790 affluenee
715 744 757 790 of
784 744 895 778 rielzes
929 746 991 779 etc.
1058 743 1125 779 Sed
1159 743 1260 778 huius
1293 744 1427 779 dicendi
1464 745 1597 789 generis

186 803 362 850 exempla,
395 804 452 838 ubi
485 803 654 838 adiectivo
689 823 734 826 —
772 814 839 837 non
872 803 946 837 sine
979 803 1130 849 pondere
1164 803 1311 848 quodam
1339 807 1378 838 ut
1403 804 1539 839 videtur
1565 807 1599 839 et

186 863 321 909 poetica
347 862 514 897 orationis
541 865 722 897 venustate
750 882 797 885 ——
823 862 955 896 nomini
982 862 1144 897 tribuitur
1172 862 1261 908 quod
1281 861 1375 897 verbi
1395 862 1502 908 ipsius
1522 874 1598 898 sen-

187 923 295 957 tentia
322 922 406 957 satis
435 921 595 966 eflicitur,
624 925 657 956 et
683 921 817 956 Latinis
845 925 879 956 et
905 920 1046 956 Graecis
1072 925 1155 956 nota
1186 924 1265 956 sunt
1291 933 1353 957 nec
1380 921 1488 957 solum
1517 933 1597 968 poe-

187 982 250 1024 tis3
284 993 362 1016 nam
397 981 550 1016 eiusdem
590 981 725 1025 generis
760 984 827 1024 est,
862 984 899 1014 ut
933 991 1037 1014 unum
1067 979 1223 1024 afferam,
1261 980 1350 1025 quod
1377 980 1597 1027 Thucydides

186 1040 270 1075 dicit
303 1040 360 1075 IV.
390 1041 451 1084 17,
475 1041 496 1075 2
531 1039 609 1081 τοὺς
641 1040 679 1075 δὲ
712 1039 837 1083 λόγους
867 1042 1103 1085 μακροτέρους
1133 1061 1181 1066 -
1206 1041 1426 1085 μηκυνοῦμεν
1464 1043 1498 1074 et
1531 1039 1599 1074 alia

187 1100 368 1144 quaerenti
402 1099 533 1134 dabunt
564 1098 756 1134 Lobeckius
789 1099 822 1132 in
855 1097 1099 1144 Paralipomm.
1133 1109 1183 1143 gr.
1212 1097 1270 1133 Gr.
1298 1109 1376 1145 pag.
1404 1096 1538 1145 531s32
1565 1104 1599 1134 et

187 1158 354 1194 Matthiae
380 1159 414 1193 in
442 1169 585 1202 gramm.
615 1156 744 1192 Graeca
772 1156 802 1201 ξ.
831 1158 913 1201 446,
946 1158 999 1201 11,
1028 1158 1060 1192 2.

286 1217 350 1253 His
377 1218 478 1252 rebus
506 1217 673 1263 expositis
700 1227 766 1251 non
796 1216 920 1251 mirum
950 1216 1122 1251 videbitur
1149 1217 1251 1251 etiam
1277 1216 1440 1252 adverbia
1458 1217 1595 1264 saepius

188 1277 323 1312 abunde
349 1288 425 1312 cum
454 1276 567 1311 verbis
593 1277 776 1311 coniuncta
802 1276 966 1321 inveniri,
1001 1276 1091 1321 quod
1123 1276 1260 1321 quidem
1293 1277 1446 1312 maxime
1472 1277 1520 1312 ita
1546 1276 1595 1322 fit,

188 1340 226 1371 ut
258 1336 371 1371 verbis
404 1346 480 1370 cum
514 1335 772 1381 praepositione
799 1335 1000 1381 compositis
1028 1335 1190 1369 adverbia
1215 1335 1306 1370 idem
1334 1335 1405 1370 fere
1432 1346 1471 1370 ac
1496 1346 1596 1382 prae—

187 1395 313 1442 positio
340 1394 489 1430 valentia
517 1398 747 1441 apponantur.
801 1394 856 1429 Fit
882 1394 946 1429 hoc
972 1395 1046 1429 sine
1073 1405 1199 1439 magno
1226 1395 1418 1430 sententiae
1445 1395 1595 1442 pondere

186 1455 336 1501 primum
368 1454 416 1489 ibi
447 1454 504 1489 ubi
533 1453 664 1498 verbis,
702 1453 825 1499 quibus
861 1454 1073 1500 praepositio
1100 1467 1141 1489 ex
1168 1455 1367 1500 praeposita
1394 1458 1460 1499 est,
1492 1455 1594 1490 etiam

186 1514 351 1550 adverbia
366 1515 475 1559 foras
502 1513 555 1549 vel
582 1521 679 1549 extra
698 1513 886 1548 adduntur:
915 1513 945 1548 ΙΙ
965 1514 1037 1549 200
1052 1514 1162 1559 foras
1181 1522 1355 1561 emerqant
1372 1515 1594 1561 exiliuntque,

185 1575 253 1609 951
273 1574 383 1619 forae
410 1575 517 1617 eiecit,
546 1572 591 1607 [ΙΙ
613 1574 681 1607 122
697 1573 806 1618 foras
834 1574 956 1616 editus,
985 1573 1055 1607 575
1076 1574 1188 1607 eiectis
1207 1580 1316 1616 eoetra,
1344 1572 1391 1607 IV
1408 1574 1596 1619 914for08

187 1634 305 1676 eiecto,
333 1632 406 1667 920
425 1633 565 1667 eiectam
580 1631 702 1677 foras,
723 1630 769 1665 IV
783 1631 854 1666 548
867 1631 976 1676 foras
995 1633 1190 1675 emittimus,
1211 1630 1240 1665 V
1258 1632 1329 1666 489
1336 1632 1444 1677 foras
1463 1632 1594 1679 elapsa,

186 1691 232 1726 VI
259 1692 330 1727 583
351 1691 461 1737 foras
487 1692 698 1738 erumpitur,
733 1690 803 1726 699
831 1690 950 1736 efflare
972 1690 1091 1736 forae,
1121 1691 1190 1726 888
1207 1691 1316 1736 forae
1341 1704 1518 1739 erumpere
1544 1696 1595 1727 at-

185 1762 250 1796 que
284 1751 387 1785 etiam
410 1751 519 1796 foras
550 1761 626 1785 cum
656 1749 871 1784 substantivo
899 1750 1136 1784 coniunctum:
1166 1750 1274 1795 forae
1301 1752 1424 1785 eiectus
1451 1750 1495 1785 IV
1523 1751 1593 1786 957

184 1809 242 1855 (cf.
272 1821 305 1855 p.
333 1811 406 1851 51).
443 1829 485 1834 —
522 1809 775 1844 Alliterationis
807 1808 930 1843 deinde
961 1808 1074 1844 studio
1113 1808 1303 1844 tribuemus
1344 1809 1434 1854 quod
1461 1810 1594 1845 inveni-

185 1873 242 1904 tur
270 1868 315 1903 IV
334 1868 407 1902 445
433 1881 558 1902 manus
586 1887 631 1891 —
658 1867 797 1902 subdita
824 1875 941 1914 supter
967 1871 1001 1902 et
1027 1867 1146 1902 eadem
1166 1868 1240 1903 sine
1259 1868 1360 1903 dubio
1380 1868 1488 1904 valuit
1505 1870 1593 1904 ratio

184 1928 231 1963 ibi
271 1927 328 1963 ubi
370 1929 472 1974 poeta
512 1926 626 1962 verbis
666 1926 800 1962 obstare
831 1931 864 1961 et
900 1927 1022 1974 offerre
1055 1926 1259 1963 adiectivum
1296 1928 1415 1963 obvius
1454 1928 1593 1965 adiecit:

185 1988 230 2022 IV
261 1989 355 2022 1142
388 1988 508 2022 obvius
541 1987 665 2031 obsteS,
700 1986 744 2021 Ill
780 1989 870 2022 1039
904 1989 968 2022 Zeto
996 1995 1101 2034 eaput
1127 1989 1252 2034 optulit
1276 1990 1351 2035 ipse
1377 1992 1411 2023 et
1437 1989 1595 2024 similiter

185 2047 358 2092 Vergilius
389 2046 424 2082 in
453 2047 539 2082 Aen.
569 2045 618 2081 XI
643 2043 775 2093 498s99
808 2048 908 2082 obvia
935 2067 979 2071 —
1008 2049 1160 2082 occurrit
1185 2046 1242 2091 (cf.
1269 2046 1301 2082 X
1330 2045 1432 2093 734),
1465 2046 1496 2082 X
1523 2048 1594 2083 552

188 2108 308 2143 obvius
335 2120 406 2141 sese
433 2107 557 2142 obtulit
583 2106 637 2141 cui
664 2117 728 2152 par
755 2109 807 2141 est
825 2106 977 2141 adverbii
1006 2107 1141 2141 obviam
1167 2117 1249 2141 usus
1276 2106 1450 2141 nonnullis
1476 2110 1595 2152 poetass

186 2178 260 2201 rum
290 2166 502 2201 scenicorum
531 2165 627 2209 locis,
655 2165 697 2200 cf.
718 2164 831 2200 Plaut.
850 2164 1007 2211 Amphit.
1027 2164 1085 2199 HI.
1104 2166 1138 2210 4,
1159 2167 1179 2200 2
1209 2167 1271 2212 qui
1296 2166 1432 2200 obviam
1451 2167 1596 2212 opsietat

185 2226 286 2270 mihi,
318 2225 396 2260 Ter.
424 2224 491 2260 Ad.
520 2224 577 2260 III.
605 2225 638 2270 2,
667 2226 713 2260 24
748 2225 879 2272 oppido
914 2231 1108 2272 opportune
1138 2231 1168 2259 te
1195 2224 1351 2260 obtulisti
1379 2226 1430 2260 mi
1460 2224 1594 2260 obviam

186 2282 303 2328 (etiam
332 2284 460 2319 Caesar
486 2283 622 2318 abunde
649 2284 733 2319 dicit
758 2284 794 2318 in
823 2283 901 2318 bell.
930 2282 1018 2317 Gall.
1048 2282 1118 2317 VI[.
1141 2285 1199 2327 28,
1230 2284 1246 2317 1
1275 2285 1308 2317 si
1333 2296 1403 2329 qua
1429 2296 1470 2318 ex
1490 2292 1594 2330 parte

187 2343 322 2377 obviam
339 2350 457 2378 contra
474 2345 650 2378 veniretur
668 2345 702 2378 et
720 2342 839 2377 Livius
858 2342 914 2377 IV.
930 2342 990 2386 40,
1009 2342 1030 2376 3
1051 2340 1114 2385 (ut)
1135 2342 1271 2377 obviam
1288 2343 1423 2389 aymim‘
1439 2355 1593 2380 oecurre-

184 2408 271 2437 rent.
287 2421 332 2425 —
349 2400 436 2436 Aliis
454 2405 569 2437 tamen
590 2401 674 2437 locis
694 2413 762 2437 non
783 2401 976 2437 errabimus
996 2404 1131 2447 poetam
1151 2412 1218 2436 non
1238 2402 1313 2437 sine
1331 2401 1473 2438 consilio
1492 2407 1593 2450 atque

185 2460 337 2508 pondere
365 2462 554 2496 sententiae
574 2461 841 2507 praepositionis
860 2461 928 2495 vim
948 2460 1110 2496 adverbio
1129 2461 1273 2496 iterasse
1292 2460 1460 2497 arbitrati.
1503 2462 1590 2498 Nam
