1835 2765
855 26 901 62 69

180 124 357 172 propriam
384 122 597 160 debilitatam
625 126 727 171 atque
754 123 965 160 deminutam
993 124 1084 172 apud
1110 123 1307 161 Lucretium
1335 125 1483 161 inveniri
1513 125 1589 160 iam.

181 189 283 220 antea
309 184 631 220 demonstravimus.
676 183 737 219 Sat
763 184 898 220 abunde
916 187 1030 219 autem
1042 187 1201 231 primum
1219 186 1409 221 sententiae
1427 185 1582 221 additum

179 244 316 279 videtur
342 243 377 278 in
404 254 452 278 vs.
474 242 502 277 V
532 243 599 278 182
632 244 769 278 notities
800 243 977 278 hominum
1006 244 1060 277 dis
1092 244 1182 278 unde
1216 251 1264 278 est
1292 246 1400 279 insita
1425 246 1584 291 primum

178 301 236 349 (ef.
259 303 365 347 1045)
393 307 427 339 et
451 301 481 338 V
503 299 658 349 1359s60
684 309 721 338 at
744 303 915 349 specimen
941 303 1086 337 sationis
1113 308 1145 337 et
1168 303 1343 338 insitionis
1371 305 1468 351 oriyo
1496 304 1582 352 Ipsa

168 364 247 409 suit
276 375 393 398 rerum
412 364 570 409 primum
598 368 728 395 natura
754 362 915 396 creatrioe.
950 380 994 384 —
1023 359 1154 395 Similis
1180 371 1235 395 res
1268 365 1320 396 est
1351 362 1387 396 in
1419 363 1581 398 adverbio

178 435 294 471 saepe,
327 420 416 468 quod
449 420 501 455 bis
532 430 609 454 oum
642 419 745 454 verbo
776 419 884 455 solere
916 419 1132 454 coniunctum
1168 422 1281 454 extat:
1316 418 1360 454 IV
1387 422 1457 457 604
1489 424 1581 469 ignis

179 482 292 529 Saepe
317 481 401 517 solet
425 480 577 515 scintilla
603 492 682 514 suos
708 492 742 514 se
767 492 931 526 sparyere
956 481 995 514 in
1019 481 1112 526 iynis
1146 478 1376 514 alliteratione
1403 485 1522 526 aperta.
1549 485 1582 516 et

177 540 210 575 II
235 537 367 586 954s55
386 540 435 587 fit
460 550 594 585 quoque
620 545 657 573 ut
681 539 814 573 soleant
842 558 881 561 —
911 544 1021 574 motus
1047 539 1162 573 vitalis
1189 540 1323 574 vincere
1349 551 1461 585 saepe.
1514 539 1580 575 Sed

178 599 232 635 hie
259 609 392 644 quoque
419 597 759 633 animadvertendum
788 601 850 642 est,
878 608 946 633 non
973 608 1114 644 prorsus
1141 597 1279 644 plenam
1312 597 1365 633 his
1392 597 1476 632 locis
1507 609 1581 634 esse

178 656 425 693 abundantiam
452 667 562 702 neque
589 656 763 702 propriam
792 657 884 691 vocis
912 669 1014 704 saepe
1044 656 1327 701 significationem
1358 657 1413 700 (de
1444 668 1512 702 qua
1537 657 1579 693 ef.

176 716 356 752 Munronis
383 718 499 750 notam
527 715 569 750 ad
596 727 627 749 v.
648 715 676 750 V
705 716 810 758 1231)
837 715 939 761 plane
965 716 1097 761 perire,
1128 726 1204 751 cum
1237 716 1377 752 verbum
1412 717 1521 752 solere
1547 722 1581 752 et

175 775 230 811 hio
266 778 301 809 et
326 774 443 809 multis
471 773 547 809 aliis
574 774 656 809 loeis
683 774 732 808 ita
758 774 908 819 positum
941 774 1116 818 videatur,
1149 778 1186 809 ut
1222 775 1344 810 latiore
1375 775 1578 811 elocutionis

175 834 320 869 circuitu
339 832 424 867 nihil
441 833 509 867 nisi
527 832 693 878 simplicis
713 832 808 867 verbi
827 833 876 882 vis
899 832 1128 878 exprimatur3
1155 833 1227 868 cf.I
1250 835 1331 878 165,
1358 835 1442 879 458,
1473 836 1577 880 1037,

175 892 309 937 11147,
338 892 421 937 221,
447 891 532 936 406,
560 890 705 936 111118,
734 892 816 933 621,
844 891 927 935 678,
957 891 1039 935 697,
1073 891 1155 936 746,
1187 892 1267 937 790,
1297 892 1340 927 IV
1359 894 1441 939 258,
1470 892 1499 928 V
1517 895 1577 938 62,

175 953 257 997 899,
288 951 393 996 1058,
421 950 465 986 VI
487 951 571 995 488,
600 948 741 996 813s14.
783 949 942 986 Ceterum
970 949 1097 985 similia
1124 962 1191 985 non
1219 951 1327 986 solum
1356 952 1446 998 apud
1470 953 1576 987 comi-

174 1021 232 1047 cos
258 1010 294 1046 in
321 1020 478 1046 sermone
505 1009 639 1055 vulgari
664 1009 724 1044 sed
751 1010 854 1045 etiam
881 1010 915 1044 in
942 1020 1044 1056 prosa
1063 1009 1216 1044 oratione
1234 1010 1455 1046 inveniuntur
1480 1012 1575 1046 simi·

174 1070 253 1106 liter
279 1069 496 1117 accipienda3
524 1070 566 1105 of.
587 1069 684 1105 Caes.
705 1068 781 1105 bell.
801 1069 864 1105 civ.
885 1068 942 1105 ΙΙΙ.
963 1070 1020 1115 32,
1048 1071 1070 1105 5
1099 1071 1193 1117 quod
1220 1071 1255 1104 in
1273 1070 1358 1105 bello
1372 1071 1576 1119 plerumque

174 1131 328 1164 accidere
354 1131 539 1172 consuevit,
567 1128 624 1163 ΙΙΙ.
644 1130 701 1172 37,
729 1130 767 1171 5;
794 1129 854 1172 47,
876 1129 993 1173 3fere
1018 1136 1234 1172 consuerant,
1264 1129 1403 1170 Quintil.
1424 1129 1480 1164 IX.
1501 1132 1534 1174 2,
1554 1132 1574 1165 8

173 1195 211 1223 ut
235 1189 337 1235 vulyo
364 1190 417 1222 uti
441 1188 598 1232 solemus,
626 1187 695 1222 Cio.
716 1186 757 1222 de
784 1198 855 1233 rep.
877 1186 932 1221 VI.
957 1188 1011 1231 10,
1043 1188 1097 1232 10,
1125 1186 1219 1222 Lael.
1243 1188 1276 1231 8,
1305 1188 1351 1223 26
1378 1190 1577 1235 saepissime

174 1248 262 1282 mihi
287 1267 331 1271 —
359 1248 450 1282 illud
476 1247 765 1282 considerandum
790 1248 903 1281 videri
927 1247 1022 1291 solet,
1049 1258 1098 1281 or.
1118 1246 1159 1281 de
1181 1247 1264 1292 imp.
1290 1245 1354 1282 Gn.
1374 1246 1516 1293 Pompei
1544 1248 1576 1293 9,

174 1306 232 1350 24,
259 1305 300 1341 de
327 1305 455 1340 invent.
475 1305 500 1340 I.
528 1305 585 1349 29,
613 1306 672 1350 46,
699 1308 801 1349 atque
828 1304 911 1339 adeo
928 1305 1012 1350 fere
1029 1305 1237 1351 plerumque
1262 1306 1370 1340 solere
1394 1306 1486 1352 apud
1513 1306 1576 1341 Te-

174 1364 323 1400 rentium
351 1365 385 1399 in
412 1363 549 1399 Phorm.
569 1363 593 1399 I.
616 1364 649 1408 2,
677 1361 795 1410 39s40.

271 1423 364 1465 Quae
391 1423 526 1469 quidem
561 1422 712 1468 quaestio
746 1433 821 1457 eum
856 1424 1029 1468 postremo
1056 1422 1091 1456 in
1118 1422 1280 1457 adverbio
1306 1436 1410 1470 saepe
1437 1415 1574 1460 versata

173 1483 230 1528 sit,
265 1482 442 1518 occasione
468 1482 549 1517 data
575 1481 678 1517 alium
707 1481 857 1517 eiusdem
885 1480 1039 1516 adverbii
1067 1492 1165 1516 usum
1192 1492 1461 1518 commemorare
1489 1483 1574 1519 mihi

172 1541 286 1583 liceat,
313 1541 371 1577 ubi
397 1542 432 1576 in
459 1541 578 1576 eadem
606 1541 839 1575 enuntiatione
866 1540 1063 1575 adverbium
1090 1554 1191 1587 saepe
1209 1544 1242 1576 et
1260 1541 1466 1577 adieetivum
1487 1545 1573 1578 mul-

173 1607 226 1635 tas
253 1603 426 1646 ponuntur
453 1600 501 1635 ita
527 1604 564 1634 ut
590 1612 701 1647 saepe,
730 1610 935 1645 quamquam
963 1599 1133 1634 sententia
1160 1599 1232 1634 eius
1260 1611 1326 1635 non
1345 1600 1571 1646 desideratur,

172 1662 286 1693 tamen
305 1658 535 1694 multitudinis
554 1658 837 1704 significationem
857 1658 1002 1704 quodam
1029 1658 1129 1693 modo
1157 1670 1281 1703 augere
1308 1659 1474 1695 videatur.
1514 1660 1572 1696 Sic

175 1728 243 1752 non
271 1717 380 1753 solum
408 1717 549 1753 Plautus
576 1717 710 1753 locutus
737 1720 789 1753 est
815 1719 908 1753 velut
933 1718 967 1752 in
987 1716 1084 1763 Capt.
1103 1717 1142 1753 V.
1163 1718 1197 1762 4,
1229 1720 1241 1752 1
1279 1718 1361 1753 Vidi
1384 1732 1444 1765 eqo
1462 1721 1572 1755 *multa

175 1790 277 1825 saepe
300 1779 396 1824 picta
423 1790 511 1824 quae
529 1778 721 1813 Acherunti
729 1779 857 1827 fierent
874 1777 1124 1821 Crucz'amenta,
1152 1777 1232 1812 ibid.
1253 1777 1294 1812 H.
1315 1779 1349 1822 2,
1371 1778 1414 1813 78
1434 1780 1494 1813 odi
1510 1792 1570 1826 eqo

172 1849 314 1871 aarum:
341 1838 449 1871 multa
474 1838 591 1871 «multis
617 1849 718 1883 saepe
743 1838 854 1871 suasit
875 1849 1072 1884 perperam,
1099 1836 1141 1871 cf.
1165 1835 1241 1871 Cas.
1261 1836 1302 1871 H.
1327 1837 1368 1881 5,
1399 1839 1464 1882 41,
1498 1837 1569 1873 Mil.

173 1894 267 1931 Glor.
287 1895 344 1931 III.
364 1897 396 1941 3,
427 1897 483 1941 12,
509 1895 611 1930 Poen.
631 1897 657 1931 Ι.
682 1896 712 1939 1,
745 1897 774 1940 l,
801 1895 835 1930 in
864 1895 1045 1930 verborum
1071 1894 1240 1930 indicibus
1267 1894 1370 1931 allata
1389 1896 1447 1931 sed
1466 1896 1568 1932 etiam

171 1954 324 1990 Lucilius
350 1955 386 1989 in
414 1954 527 1989 Satur.
547 1966 596 1989 vs.
616 1951 748 1999 568s‘69
773 1961 812 1988 ut
838 1955 1017 1989 Romanus
1038 1956 1194 2001 populus
1221 1957 1328 1989 vietus
1354 1957 1389 1989 vi
1413 1963 1444 1990 et
1467 1969 1568 2003 supe-

173 2022 271 2050 ratus
295 2014 439 2062 proeliis
468 2013 579 2061 Saepe
605 2020 653 2048 est
682 2013 814 2056 multis,
849 2012 934 2047 bello
960 2026 1040 2048 vero
1078 2026 1282 2061 numquam,
1321 2015 1359 2048 in
1391 2026 1458 2060 qao
1491 2022 1570 2050 sant

174 2076 302 2118 omnia,
330 2073 448 2109 Cicero
476 2073 509 2108 in
536 2072 624 2108 libro
652 2072 692 2107 de
719 2071 840 2107 officiis
866 2071 892 2116 I,
919 2083 994 2118 cap.
1015 2073 1072 2117 22,
1103 2073 1147 2107 74
1173 2074 1274 2108 multi
1290 2095 1336 2101 —
1354 2074 1443 2108 bella
1468 2087 1570 2121 saepe

175 2135 416 2181 quaesiverunt
441 2131 483 2167 ef.
502 2131 545 2166 ΙΙ.
560 2132 594 2176 6,
622 2132 679 2176 20,
705 2129 800 2166 Lael.
822 2132 852 2175 1,
873 2131 905 2174 2,
933 2130 1060 2166 Caesar
1086 2132 1121 2165 in
1148 2131 1224 2166 bell.
1245 2130 1331 2166 Gall.
1350 2131 1395 2166 IV
1414 2134 1435 2167 3
1463 2133 1573 2169 Suebi

172 2193 289 2229 multis
318 2205 419 2240 saepe
449 2192 545 2227 bellis
577 2192 711 2238 experti
741 2192 843 2236 atque
873 2189 949 2225 aliis
980 2189 1064 2225 locis
1098 2204 1199 2238 saepe
1233 2193 1267 2226 et
1293 2192 1437 2227 multum
1466 2192 1571 2228 etiam

173 2253 354 2288 coniuncta
380 2251 535 2287 videmus
562 2254 600 2286 ut
626 2250 718 2297 apud
736 2250 933 2286 Ciceronem
961 2249 1003 2285 de
1029 2249 1159 2285 Invent.
1179 2250 1193 2285 Ι
1215 2252 1229 2285 1
1250 2264 1352 2298 saepe
1379 2259 1409 2286 et
1427 2253 1572 2288 multum

172 2313 235 2347 Ιιοο
260 2325 389 2347 meeum
415 2312 579 2358 eoqitavi,
613 2321 660 2345 or.
689 2321 751 2357 pro
777 2309 911 2352 Quinct.
939 2310 977 2354 1,
1014 2309 1035 2344 3
1067 2310 1166 2345 homo
1195 2329 1238 2334 —-
1272 2311 1309 2344 in
1341 2311 1406 2345 hac
1440 2310 1572 2357 (eausa)

172 2373 316 2407 multam
341 2385 383 2407 ac
408 2385 509 2420 saepe
533 2378 696 2406 versatus.
742 2368 921 2415 (Similiter
939 2368 1060 2404 Graeci
1086 2368 1194 2410 πολύς
1221 2372 1254 2404 et
1280 2370 1450 2413 πολλάκις
1480 2382 1571 2407 com-

171 2433 305 2478 ponunt
331 2431 372 2467 de
398 2443 466 2478 quo
494 2431 609 2467 videas
636 2429 833 2466 Schneideri
860 2429 1112 2464 adnotationem
1141 2429 1183 2464 ad
1210 2429 1373 2465 Isocratis
1401 2432 1567 2477 Areopag.
