1835 2765
850 80 896 118 78

165 178 270 226 probe
304 178 429 215 allatis.
483 179 617 215 Deinde
649 180 753 216 affero
789 192 830 216 ex
862 180 950 216 libro
982 179 1130 215 secundo
1158 191 1188 214 ν.
1216 180 1286 216 506
1315 183 1472 216 carmina
1498 194 1575 217 con-

164 240 274 274 simili
305 242 440 274 ratione
472 252 639 286 oppressa
675 241 830 284 silerent,
864 238 1117 286 801f‘2'pluma
1144 239 1379 274 columbarum
1411 260 1447 265 -
1481 241 1577 283 Quae

163 300 230 333 sita
261 300 406 334 cervicee
438 300 569 334 circum
608 300 802 346 collumque
840 306 984 334 coronat
1016 299 1047 334 h.
1084 310 1112 333 e.
1148 311 1236 345 quae
1267 300 1397 333 circum
1429 300 1576 334 cervices

163 359 357 405 collumque
397 360 465 393 sita
506 359 569 394 has
607 366 729 406 partes
772 366 932 402 coronat,
980 370 1021 394 ex
1054 358 1141 394 libro
1170 357 1214 393 IV
1251 370 1282 393 V.
1315 358 1385 394 287
1422 357 1574 403 (imago)

163 419 294 452 distare
320 417 363 452 ab
390 419 530 464 speculo
558 425 692 452 tantum
718 426 846 453 semota
865 420 1012 461 videtur,
1040 419 1111 452 438
1131 431 1219 465 quae
1237 420 1389 453 demersa
1409 418 1576 464 liquorem

163 476 298 520 obeunt,
328 488 369 511 ex
398 476 486 512 libro
514 476 559 511 VI
587 488 637 511 vs.
668 476 797 523 1007]ss
825 490 886 512 nec
911 490 965 512 res
992 478 1065 512 ulla
1093 479 1204 524 mayis
1220 477 1434 524 primoribus
1452 490 1494 512 ex
1512 478 1576 512 ele-

162 538 285 571 mentis
315 537 527 583 Indupedita
553 538 626 570 suis
645 544 719 571 arte
737 548 867 571 conexa
886 537 1050 571 cohaeret.
1093 536 1212 582 Itaque
1231 537 1334 572 etiam
1352 537 1387 571 in
1407 548 1437 571 V.
1458 536 1487 571 V
1505 537 1576 571 612

163 594 331 642 Bernaysi
371 596 566 631 coniectura
596 608 658 630 nec
686 596 777 629 ratio
810 596 893 630 solis
926 595 1073 641 simplem·
1103 596 1238 631 reclusa
1270 598 1434 644 patescit,
1473 595 1576 642 paulo

164 655 287 689 melior
320 666 420 700 quam
455 653 685 698 Lachmanni,
719 654 904 699 participio
936 654 1021 688 nihil
1054 654 1157 690 habet
1190 655 1389 691 offensionis
1425 656 1577 700 (inversa

165 718 217 749 est
244 714 426 749 verborum
455 714 543 748 ratio
571 714 605 748 in
634 713 731 748 v.111
760 715 807 749 30
834 715 929 759 quod
953 721 1082 748 natura
1110 734 1154 738 —-
1187 714 1275 749 Tam
1300 715 1484 761 manifesta
1506 728 1575 762 pa-

164 781 236 809 tens
262 787 303 808 ea:
331 775 427 808 omni
448 780 549 820 parte
575 780 700 808 retecta
727 774 788 816 est)
818 784 928 819 neque
956 773 990 808 in
1019 785 1068 808 vs.
1096 772 1127 808 II
1149 774 1291 809 17—19
1319 775 1423 810 verba
1446 777 1575 810 seiunc-

164 840 218 867 tus
250 833 351 867 dolor
383 832 476 867 absit
508 832 711 879 temptanda
739 835 835 877 sunt,
868 844 1078 878 quamquam
1106 833 1147 868 de
1174 833 1222 868 eis
1250 844 1336 879 quae
1364 834 1578 880 praecedunt

164 896 198 927 et
224 895 416 938 sequuntur
443 893 507 927 viri
536 892 628 928 docti
655 904 723 927 non
752 903 870 928 omnes
897 892 987 927 idem
1016 893 1179 927 sentiunt.

262 952 316 986 Ab
357 952 421 986 hoc
461 952 637 997 participii
678 952 821 997 perfecti
862 963 925 986 usu
965 952 1153 986 abundanti
1189 952 1277 986 alter
1308 953 1446 997 quidam
1485 952 1577 987 clare

164 1010 390 1055 distinguitur
417 1022 533 1057 quem,
560 1011 588 1046 si
608 1009 740 1046 Graeco
760 1010 924 1045 vocabulo
945 1010 992 1045 uti
1012 1010 1102 1053 licet,
1131 1010 1367 1057 προληπτικόν
1392 1010 1575 1057 appellem.

164 1070 265 1104 Hunc
292 1070 339 1105 ibi
369 1074 488 1105 extare
515 1081 657 1114 cense0‚
684 1070 741 1104 ubi
770 1069 990 1114 participium
1021 1070 1163 1114 perfecti
1192 1070 1322 1114 passivi
1351 1070 1453 1105 verbo
1479 1069 1576 1105 finito

165 1129 363 1176 appositum
399 1128 530 1175 aliquid
562 1129 631 1164 iam
665 1128 792 1163 factum
822 1127 951 1162 indicat
978 1127 1067 1173 quod
1096 1127 1209 1172 agitur
1235 1128 1310 1174 ipso
1337 1128 1441 1164 verbo
1468 1128 1576 1164 finito,

166 1188 275 1224 Cuius
309 1200 392 1224 usus
426 1189 603 1234 exempla,
639 1198 726 1233 quae
759 1191 813 1221 sat
845 1187 955 1222 multa
988 1187 1078 1233 apud
1114 1186 1311 1222 Lucretium
1345 1189 1576 1233 inveniuntur,

167 1258 245 1282 cum
279 1258 390 1293 neque
424 1246 663 1293 explicationis
696 1257 806 1291 neque
838 1246 993 1280 lectionis
1022 1246 1258 1281 difficultatem
1288 1258 1448 1291 magnam
1476 1259 1577 1293 prae·

167 1307 282 1353 beant,
308 1307 457 1353 primum
484 1306 539 1342 hic
566 1306 786 1350 enumerabo,
814 1305 980 1341 librorum
1009 1306 1161 1341 ordinem
1191 1310 1338 1342 secutus.
1388 1306 1425 1342 In
1453 1306 1577 1343 libroI

167 1371 302 1403 extant:
329 1367 364 1402 in
392 1378 422 1401 ν.
452 1368 522 1402 218
550 1379 591 1401 ex
617 1367 726 1401 oculis
752 1378 806 1400 res
834 1379 990 1412 quaeque
1015 1374 1153 1413 repente
1179 1374 1296 1415 erepta
1317 1369 1466 1414 periret,-
1494 1368 1577 1402 sim-

166 1427 288 1474 plicius
317 1426 405 1461 enim
435 1429 494 1461 aut
520 1439 561 1461 εκ
588 1426 695 1461 oculis
720 1427 850 1472 periret
876 1425 989 1460 dicere
1017 1428 1153 1471 poterat
1180 1429 1217 1460 ut
1243 1426 1279 1461 in
1307 1438 1337 1461 v.
1358 1427 1429 1461 856
1457 1430 1517 1462 aut
1534 1440 1576 1462 ea:

166 1487 272 1522 oculis
299 1488 490 1532 eriperetur
516 1490 554 1520 ut
581 1484 753 1528 Vergilius
781 1484 816 1519 in
844 1486 927 1519 Aen.
949 1484 963 1519 Ι
982 1485 1027 1520 88
1056 1487 1211 1532 eripiunt
1236 1486 1346 1521 subito
1373 1486 1479 1521 nubes
1500 1499 1575 1521 cae-

165 1546 302 1592 lumque
328 1546 486 1591 diemque
516 1544 729 1579 Teucrorum
754 1556 795 1578 ea:
822 1545 948 1585 oculis‚·
976 1543 1099 1579 deinde
1127 1544 1162 1579 in
1189 1556 1220 1578 v.
1248 1545 1320 1579 942
1347 1543 1409 1590 (IV
1430 1543 1490 1590 17)
1518 1558 1572 1580 re-

163 1612 280 1640 crea-ta
306 1605 459 1639 valescat
485 1608 518 1639 et
545 1603 634 1650 quod
662 1603 800 1650 saepius
828 1603 977 1638 occurrit
1002 1617 1085 1638 nam
1112 1604 1349 1651 quodcumque
1374 1606 1446 1639 suis
1464 1612 1575 1640 muta-

164 1671 236 1699 tum
253 1664 388 1709 finibus
415 1665 484 1698 eoeit
511 1663 625 1707 1670,
655 1664 736 1707 792,
765 1662 794 1697 Π
814 1663 897 1706 753,
924 1662 1077 1706 1115173
1106 1665 1236 1698 mutari
1260 1664 1352 1699 enim
1380 1664 1468 1699 idem
1490 1665 1573 1699 Sim-

165 1723 303 1769 pliciter
333 1722 506 1768 significat
539 1722 629 1767 quod
662 1721 776 1757 verbis
810 1723 882 1756 suis
904 1722 1037 1766 finibus
1068 1724 1161 1757 exire
1188 1722 1322 1767 poetica
1347 1722 1575 1759 translatione

163 1782 390 1829 exprimitur,
424 1792 511 1827 quae
537 1792 614 1817 cum
643 1780 891 1827 pulchritudini
918 1781 1061 1825 serviat,
1103 1781 1187 1816 illud
1214 1782 1496 1828 perspicuitatem
1526 1784 1575 1818 vi-

165 1842 266 1877 detur
298 1841 473 1876 adiuvare.
514 1840 621 1875 Porro
657 1852 674 1875 e
707 1840 794 1874 libro
823 1839 852 1874 11
879 1839 983 1875 affero
1010 1847 1081 1875 tum
1106 1853 1213 1888 porro
1241 1854 1474 1889 quaecumque
1500 1844 1578 1889 ἐφη·

154 1903 343 1949 flammata
369 1907 567 1936 cremantur
593 1900 628 1934 in
650 1911 679 1934 v.
702 1900 773 1935 673
801 1902 834 1934 et
861 1910 946 1944 quae
972 1899 1006 1934 in
1034 1899 1100 1935 fine
1120 1911 1280 1936 versuum
1300 1900 1391 1936 inter
1409 1912 1445 1937 se
1463 1902 1574 1937 mani-

163 1962 251 1996 festo
292 1960 505 2006 respondent
534 1972 724 2005 numquam
757 1961 794 1993 in
825 1960 1009 1994 concilium
1042 1967 1078 1994 ut
1108 1962 1244 2006 possint
1274 1962 1453 2008 compulsa
1484 1963 1575 1996 coire

165 2021 239 2056 Nec
256 2021 431 2055 remorari
447 2021 485 2053 in
504 2019 649 2053 concilio
668 2031 728 2053 nec
746 2031 895 2053 crescere
912 2019 1063 2053 adaucta
1082 2018 1117 2053 in
1137 2030 1185 2053 vs.
1202 2016 1335 2065 563s64
1354 2019 1409 2063 (cf.
1430 2019 1459 2055 II
1482 2021 1575 2056 1160

165 2093 254 2127 quae
283 2093 376 2114 nunc
409 2081 468 2114 vix
501 2085 619 2114 nostro
649 2080 883 2125 qrandescunt
913 2085 1016 2113 aucta
1050 2079 1183 2122 labore,
1216 2078 1245 2113 V
1272 2079 1344 2114 260
1374 2093 1455 2127 erqo
1482 2087 1575 2115 terra

164 2139 229 2180 tibi
254 2139 385 2174 libatur
411 2145 442 2173 et
468 2144 570 2173 aucta
596 2138 767 2180 rece-escit)
795 2138 852 2172 ubi
871 2136 1089 2172 Purmannus
1109 2137 1297 2184 respiciens
1316 2138 1359 2173 ad
1378 2150 1408 2174 ν.
1429 2138 1459 2173 ΙΙ
1480 2140 1574 2174 1122

165 2198 267 2244 plane
302 2200 423 2233 contra
454 2197 694 2232 necessitatem
728 2198 879 2232 adauctu
906 2197 1010 2232 scribi
1039 2197 1111 2232 vult
1137 2195 1186 2243 (in
1214 2197 1428 2233 Fleckeiseni
1455 2198 1574 2233 Anna-

167 2256 256 2291 libus
286 2256 378 2292 1877
407 2267 439 2302 p.
470 2257 542 2292 275
568 2255 653 2299 fin.).
682 2276 728 2280 -—
756 2255 899 2291 Praeter
926 2256 1010 2291 illud
1031 2258 1209 2303 compulsa
1227 2259 1320 2292 coire
1337 2260 1450 2292 autem
1471 2257 1574 2293 etiam

167 2315 202 2349 in
235 2326 265 2350 v.
301 2315 331 2351 ΙΙ
359 2317 428 2351 130
461 2315 566 2351 verba
597 2316 738 2364 repulsa
764 2317 891 2351 reverti
916 2315 1058 2351 eandem
1088 2319 1121 2351 et
1148 2316 1389 2352 alliterationis
1415 2322 1449 2352 et
1474 2316 1575 2353 uber-

167 2374 249 2410 tatis
276 2375 422 2420 speciem
452 2387 535 2422 prae
562 2387 598 2411 se
625 2376 741 2411 ferunt
769 2387 870 2422 quam
900 2375 934 2410 in
964 2375 1016 2410 his
1044 2387 1177 2422 quoque
1197 2379 1388 2412 ceterorum
1408 2376 1572 2414 librorum

166 2433 251 2469 locis
284 2433 382 2469 facile
415 2434 729 2480 deprehendemus:
770 2435 816 2470 VI
845 2436 915 2470 734
948 2437 996 2469 ad
1028 2437 1115 2471 altos
1150 2456 1194 2460 ψ-
1227 2443 1355 2471 montes
1387 2436 1574 2474 Coum-usae

164 2494 272 2530 nubes
299 2501 477 2540 coquntur7
504 2494 549 2529 IV
568 2496 639 2530 915
659 2494 815 2540 (somnus
834 2494 883 2540 fit,
911 2494 968 2530 ubi
988 2494 1116 2540 anima)
1133 2497 1266 2542 partim
1284 2503 1445 2533 contruea
1461 2500 1573 2545 ma9i8
