1835 2765
867 72 914 108 53

175 170 318 217 formai
346 184 483 207 servare
505 173 673 222 fiyuram.
734 170 787 207 De
820 171 873 207 his
900 170 1040 207 vocibus
1066 171 1137 216 egit
1162 170 1425 207 Doederleinius
1451 171 1488 207 in
1514 171 1537 207 1.
1566 171 1589 207 l.

186 228 253 265 vol.
280 229 346 276 ΙΙΙ,
378 241 478 276 pagg.
510 230 675 275 25—28,
706 230 764 276 qui
795 230 830 265 id
862 240 1034 276 exponere
1065 229 1200 265 videtur
1229 229 1376 275 figuram
1408 230 1518 276 magis
1546 230 1589 265 ad

186 289 341 337 corporis
366 288 651 325 lineamentorum
672 288 992 333 conformationem,
1019 288 1166 324 formam
1185 288 1227 324 ad
1246 289 1477 325 membrorum
1496 300 1588 325 com-

185 348 390 395 positionem
418 351 452 384 et
477 350 635 383 naturam
663 350 845 394 spectare.r
883 346 950 382 Sed
976 348 1095 392 negari
1121 357 1189 382 non
1216 351 1329 393 potest
1354 349 1390 383 in
1417 349 1587 384 sententia

185 407 300 443 minus
331 405 472 444 definita
502 405 588 442 haec
618 405 723 442 verba
749 416 891 452 prorsus
917 416 1108 453 synonyma
1134 405 1271 453 saepius
1297 407 1422 443 mutari
1447 409 1481 443 et
1506 418 1587 443 con-

185 467 280 512 iungi
306 470 346 503 ut
371 477 391 502 a
417 465 581 501 Cicerone
607 465 643 500 in
670 464 806 501 Tuscul.
834 464 921 512 disp.
948 464 1036 501 libro
1054 464 1082 510 Ι,
1108 475 1181 512 cap.
1211 466 1266 510 16,
1294 466 1339 501 37
1367 465 1585 512 (animorum)

174 526 335 572 formam
353 525 524 571 aliquam
542 525 768 573 figuramque
793 525 1018 572 quaerebant,
1054 523 1095 560 de
1122 535 1170 560 or.
1198 524 1256 560 ΙΙΙ.
1283 525 1342 570 45,
1372 526 1438 560 179
1464 527 1588 572 referte

183 598 275 621 nunc
300 586 454 620 animum
480 583 528 618 ad
550 583 727 619 bominum
752 584 804 620 vel
832 585 935 619 etiam
960 591 1149 619 ceterarum
1175 585 1406 620 animantium
1435 584 1587 627 formam

185 651 218 679 et
234 645 393 692 fiyuram
420 644 454 677 et
480 652 499 677 a
516 640 675 678 Lucretio
702 642 777 689 ipso
800 642 829 678 V
847 643 920 678 440
934 650 1080 691 propter
1098 644 1283 679 dissimiles
1289 643 1435 690 formas
1452 646 1587 679 variae-

186 715 250 750 que
266 702 416 749 fiqums,
444 700 474 737 V
493 702 563 737 730
590 703 711 738 ordine
734 703 930 745 formarum
949 710 1038 739 certo
1057 705 1224 751 certisque
1233 704 1377 753 fiqurie,
1405 702 1436 738 ΙΙ
1455 700 1585 750 778179

185 774 226 797 ex
257 761 338 796 aliis
359 761 493 807 formis
523 763 700 808 variisque
724 763 855 811 fiyuris
886 759 935 806 (h.
962 773 990 797 e.
1024 775 1065 797 ex
1095 762 1196 798 rebus
1221 765 1359 798 varium
1384 765 1423 798 in
1446 764 1586 799 modum

174 817 378 866 formatis),
416 819 539 865 quibus
566 819 698 854 duobus
725 819 920 854 nominibus
947 820 1112 855 accedunt
1128 822 1230 866 filum
1237 849 1248 866 ‚
1282 821 1324 856 cf.
1351 821 1382 857 II
1408 822 1476 857 341
1502 824 1588 869 pari

174 879 249 926 filo
276 879 449 927 similique
475 879 614 925 adfecta
628 878 772 926 fiqura,
800 877 830 913 V
856 878 928 914 572
944 878 1069 925 forma
1102 899 1137 904 -
1167 880 1248 915 solie
1269 900 1314 904 —
1330 881 1521 929 filumque,
1550 884 1584 917 et

174 938 292 985 facies
331 937 360 974 V
386 934 538 985 1260l61
577 945 648 974 tum
685 937 888 985 penetrabat
926 950 981 974 eos
1009 951 1112 986 posse
1140 939 1222 974 haec
1254 940 1441 986 liquefacta
1470 941 1583 977 calore

188 997 382 1042 Quamlibet
405 999 444 1033 in
458 998 621 1043 formam
648 1004 679 1033 et
693 998 830 1043 faciem
856 998 1037 1033 decurrere
1062 1010 1178 1033 rerum
1184 1011 1195 1039 ,-
1225 998 1307 1033 item
1335 1002 1478 1045 apparet
1502 1011 1583 1046 poe-

185 1059 256 1092 tam
271 1057 432 1103 formam
459 1059 493 1092 et
507 1057 673 1104 siquram
700 1056 885 1092 variandae
912 1057 1077 1092 orationis
1104 1067 1206 1092 causa
1224 1057 1409 1093 mutavisse
1426 1058 1462 1093 in
1479 1070 1528 1094 vs.
1547 1058 1580 1094 ΙΙ

185 1113 330 1163 334135,
358 1113 490 1163 494195
517 1117 647 1163 pariter
673 1127 713 1152 ac
739 1115 938 1173 Ciceronem
966 1116 1007 1152 de
1032 1119 1102 1152 nat.
1131 1116 1222 1152 deor.
1246 1115 1270 1152 I.
1293 1117 1349 1162 18,
1363 1118 1409 1153 48
1436 1119 1529 1165 quod
1552 1121 1585 1154 ei

185 1177 338 1210 omnium
362 1177 593 1210 animantium
609 1176 771 1221 formam
795 1177 903 1211 vincit
927 1176 1075 1211 hominis
1096 1176 1221 1223 fiqura
1248 1178 1281 1211 et
1306 1186 1381 1211 cum
1410 1187 1510 1212 versu
1536 1178 1580 1213 67

184 1233 263 1269 libri
296 1233 341 1269 IV
379 1238 459 1281 apte
491 1234 684 1281 comparari
717 1235 845 1281 poterit
876 1246 917 1270 ex
949 1234 1066 1270 eodem
1099 1234 1187 1270 libro
1221 1246 1338 1270 versus
1369 1235 1441 1271 554
1471 1244 1584 1273 eervat

184 1295 274 1328 enim
287 1293 529 1338 formaturam
553 1301 732 1340 servatque
748 1294 913 1341 fiquram.
962 1293 1039 1328 Non
1065 1293 1182 1329 dubito
1208 1294 1313 1338 igitur
1339 1293 1425 1330 illud
1439 1295 1582 1340 formai

174 1352 330 1399 fiyuram
355 1352 447 1399 apud
471 1351 668 1388 Lucretium
696 1355 729 1388 et
755 1352 789 1387 in
820 1352 995 1388 Ciceronis
1022 1351 1063 1387 de
1082 1354 1152 1387 nat.
1172 1352 1265 1388 deor.
1283 1352 1371 1389 libro
1389 1352 1415 1399 Ι,
1442 1364 1514 1400 par.
1535 1355 1582 1391 90

185 1411 247 1447 hoc
272 1412 368 1457 dico,
399 1425 469 1448 non
494 1412 540 1448 ab
564 1412 760 1448 hominibus
783 1412 926 1459 formae
942 1412 1098 1459 fiquram
1122 1413 1253 1448 venisse
1278 1412 1326 1448 ad
1350 1414 1430 1449 deos
1461 1413 1580 1450 eadem

185 1470 373 1516 tautologia
399 1470 528 1507 dictum
554 1471 751 1507 existimare
778 1481 879 1517 quam
905 1471 940 1506 in
966 1470 1139 1517 prioribus
1166 1470 1334 1517 exemplis
1357 1471 1528 1519 explicavi
1546 1475 1580 1508 et

187 1541 274 1577 quae
306 1535 423 1577 aperte
449 1531 550 1567 etiam
577 1530 630 1566 his
655 1530 739 1566 locis
765 1530 994 1575 cognoscitur:
1031 1529 1078 1566 IV
1105 1531 1175 1566 814
1201 1544 1242 1566 ac
1266 1543 1329 1566 nos
1355 1533 1394 1567 in
1407 1531 1578 1577 fraudem

186 1591 362 1626 induimus
377 1590 626 1636 frustraminis
651 1591 723 1637 ipsi
743 1592 777 1625 et
793 1589 841 1625 III
860 1590 929 1625 774
946 1591 1091 1636 denique
1108 1589 1254 1625 conubia
1271 1591 1319 1625 ad
1339 1590 1477 1626 Veneris
1490 1604 1578 1638 par-

186 1656 307 1696 tusque
323 1649 499 1694 ferarum,
527 1659 669 1694 quocum
689 1647 811 1683 Munro
839 1650 918 1694 apte
940 1648 1113 1694 componit
1132 1647 1232 1683 Ovidi
1249 1647 1367 1683 Amor.
1386 1648 1462 1683 libr.
1481 1648 1521 1684 11.
1543 1650 1575 1695 7,

187 1708 232 1743 21
266 1709 344 1754 quis
381 1707 520 1743 Veneria
541 1707 705 1753 famulae
734 1707 881 1742 conubia
906 1706 992 1742 liber
1014 1708 1104 1742 inire
1129 1725 1176 1730 -—
1201 1707 1297 1749 velit;
1326 1717 1406 1742 nam
1432 1709 1576 1753 utroque

186 1766 258 1801 loco
290 1765 475 1801 conubium
506 1769 557 1801 est
589 1765 802 1809 concubitus,
836 1765 896 1801 sed
922 1775 963 1801 ne
989 1764 1129 1800 Veneris
1156 1765 1293 1810 quidem
1318 1765 1455 1800 nomine
1482 1765 1575 1801 aliud

187 1823 411 1870 significatur,
438 1823 479 1859 cf.
508 1822 608 1869 Verg.
635 1822 758 1868 Georg.
785 1822 832 1859 III
849 1823 1065 1871 97fri9iduc
1081 1824 1119 1858 in
1144 1823 1303 1859 Venerem
1319 1825 1444 1868 senior,
1472 1822 1573 1871 Prop.

189 1883 228 1919 V.
246 1884 279 1930 7,
309 1884 353 1919 19
386 1895 487 1931 caepe
519 1883 629 1918 Venus
655 1884 756 1918 trivio
784 1884 984 1918 conmissaet
1008 1885 1043 1918 et
1067 1881 1150 1918 haec
1174 1881 1332 1929 exempla
1356 1881 1574 1918 Lucretiana:

188 1942 234 1979 IV
263 1942 355 1978 1268
387 1943 473 1978 viris
511 1942 622 1978 Venus
647 1949 686 1977 ut
710 1943 911 1977 concinnior
936 1949 1030 1986 esset,
1057 1941 1087 1977 ΙΙ
1115 1942 1183 1978 173
1209 1950 1241 1978 et
1264 1954 1318 1977 res
1341 1955 1405 1989 per
1437 1942 1574 1978 Veneris

187 2003 365 2038 blanditur
394 2002 507 2037 saecla
536 2008 746 2048 propaqent‚
779 2000 810 2035 V
836 2001 907 2036 845
936 2003 1038 2048 iunqi
1060 2014 1128 2049 per
1166 2002 1303 2037 Veneria
1327 2014 1381 2036 res
1406 2001 1575 2047 latiusque

188 2061 314 2097 dictum
341 2059 458 2095 11437
487 2060 660 2106 egrediens¹
683 2059 845 2105 qenitalis
869 2071 933 2105 per
964 2059 1103 2094 Veneris
1127 2072 1192 2095 res.
1218 2082 1266 2087 -
1291 2059 1450 2095 Ceterum
1480 2060 1574 2096 locus

187 2119 246 2155 illc
271 2129 371 2165 quem
397 2129 439 2154 ex
464 2117 564 2153 Ovidi
590 2116 773 2153 Amoribus
799 2116 899 2152 attuli
922 2119 1001 2163 apte
1019 2118 1169 2153 ostendit
1185 2120 1219 2154 in
1237 2118 1300 2153 hac
1316 2129 1353 2154 re
1370 2117 1444 2153 fieri
1461 2129 1575 2166 posse,

189 2182 227 2215 ut
260 2189 281 2214 a
312 2176 387 2224 pari
417 2177 592 2212 nominum
625 2185 891 2223 synonymorum
916 2175 981 2212 hoc
1005 2176 1106 2211 modo
1131 2176 1167 2212 in
1192 2187 1297 2211 unum
1323 2177 1420 2222 quasi
1446 2177 1575 2214 coales-

188 2237 337 2273 centium
367 2237 455 2273 alter
485 2235 662 2281 genetivus
694 2245 878 2281 suspensus
909 2235 967 2277 sit;
1000 2245 1078 2269 nam
1121 2235 1260 2270 Veneris
1291 2236 1437 2271 conubia
1469 2248 1575 2273 unum

189 2298 251 2340 est,
277 2295 357 2331 inde
382 2294 508 2342 pendet
532 2294 709 2339 genetivus
725 2294 898 2340 famulae,
925 2293 1020 2328 cuius
1047 2293 1157 2328 simile
1184 2294 1377 2340 exemplum
1397 2296 1489 2342 apud
1506 2295 1575 2331 Lu-

189 2354 332 2389 cretium
360 2353 511 2389 virorum
538 2352 714 2388 doctorum
740 2362 850 2397 nemo,
877 2354 1039 2398 quantum
1067 2352 1149 2397 scio,
1176 2352 1330 2396 agnovit3
1364 2357 1459 2390 extat
1485 2355 1574 2390 enim

189 2412 223 2446 in
251 2423 299 2447 vs.
319 2409 450 2460 557s58
475 2411 588 2447 libriI
613 2411 672 2447 ubi
698 2422 719 2447 a
742 2410 983 2458 verbislonqa
1007 2410 1152 2457 infinita
1177 2412 1248 2446 diei
1269 2419 1363 2448 aetas
1380 2411 1428 2460 (h.
1449 2424 1477 2449 e.
1490 2421 1576 2449 tem-

187 2473 288 2519 poris
314 2479 421 2517 aetas,
448 2482 535 2518 quae
559 2470 700 2507 nomina
723 2469 901 2508 Lucretius
926 2470 1000 2517 ipse
1024 2472 1064 2506 ut
1087 2471 1326 2516 cognominata
1350 2472 1523 2521 copulavit
1540 2473 1574 2511 iu
