1835 2765
878 96 902 131 4

180 193 298 228 eadem
327 193 584 238 praepositione
611 196 714 239 poeta
740 196 877 233 utatur,
904 194 994 239 quod
1021 193 1265 229 Lachmannus
1291 194 1326 228 in
1352 194 1592 229 commentarii

178 252 305 297 pagina
333 253 378 287 73
418 256 456 287 ut
496 253 658 298 antiquae
697 252 889 298 elegantiae
927 254 1064 298 signum
1101 263 1282 288 commune
1313 255 1407 288 recte
1435 255 1592 288 notatum

177 310 352 345 nonnullis
379 311 549 357 exemplis
576 323 594 347 e
620 311 781 347 Lucretio
809 313 927 358 petitis
954 312 1216 356 demonstravit,
1244 322 1331 358 quae
1357 311 1490 347 scilicet
1514 322 1593 347 cen-

176 372 248 404 tum
284 369 362 406 aliis
395 375 541 417 possunt
580 371 710 416 augeri.
764 372 879 418 Atque
910 383 927 407 e
954 371 1137 407 verborum
1178 370 1316 417 quidem
1348 370 1492 406 eandem
1519 381 1591 406 rem

176 428 447 473 significantium
476 442 619 465 numero
646 430 730 466 haec
756 434 903 477 possunt
928 431 1092 477 proferri:
1130 430 1157 465 V
1179 431 1248 467 164
1275 437 1386 466 cetera
1412 432 1454 466 de
1469 442 1593 478 qenere

175 488 240 524 Izoc
278 490 455 537 adfinqere
492 497 524 525 et
561 491 689 525 addere
728 489 919 535 eodemque
957 490 1059 525 modo
1091 488 1220 524 Caesar
1251 490 1391 536 scripsit
1428 490 1463 525 in
1503 489 1592 525 bello

178 547 311 584 Gallico
330 548 392 583 VII
416 551 428 583 1
461 550 596 584 addunt
620 550 694 595 ipsi
718 556 748 583 et
773 549 948 595 affinyunt
972 550 1173 584 rumoribus»
1194 547 1303 594 Galli,
1331 548 1454 584 deinde
1472 548 1503 584 II
1524 549 1592 584 154

175 605 413 653 (corpuscula)
439 608 618 654 compleoea
643 614 760 642 meant
783 609 875 642 inter
900 620 936 643 ee
962 620 1092 654 conque
1115 608 1270 654 flotam,
1299 608 1434 644 V1456
1452 606 1592 654 (nubes)

177 668 430 712 comprendunt
454 664 503 710 (id
524 669 576 700 est
595 664 826 712 coniunyunt)
852 669 943 701 inter
960 679 995 701 ee
1014 679 1146 713 conque
1161 674 1366 714 9reqantur,
1394 667 1440 702 VI
1459 664 1591 713 211l12

173 732 293 760 ventus
320 723 456 770 (nubes)
490 727 660 760 contrusit
688 727 728 760 in
760 738 868 760 unum
895 724 1173 772 Compreseitque
1200 726 1332 770 locum,
1361 725 1407 761 III
1436 723 1590 771 1085l86

179 784 256 828 (nil)
286 786 454 820 demimus
481 805 526 809 -—
554 797 617 820 nec
643 785 796 820 delibare
822 785 991 829 valemus,
1019 788 1092 820 tum
1120 784 1165 820 VI
1193 785 1263 820 886
1290 786 1469 833 exepirare
1483 785 1592 830 foras

172 846 333 890 mireque
357 845 396 878 in
427 856 535 878 auras
569 847 604 879 et
634 844 819 879 transitiva
856 844 1056 890 exspirandi
1088 844 1228 879 notione
1262 844 1365 879 etiam
1398 844 1589 889 elegantius

173 901 217 937 Vl
246 899 378 948 816s17
407 902 468 937 bos
487 922 530 927 —
553 903 652 938 tellus
680 922 723 925 —
751 910 928 938 exaestuat
954 910 1068 938 aestus
1094 901 1152 949 (cf.
1173 903 1203 937 II
1234 901 1343 948 1137)
1369 904 1591 951 Empiratque

159 962 269 1006 forae
302 963 342 996 in
368 968 528 1007 apertum
552 968 785 1008 promptaque
811 963 915 1006 caeli,
950 972 1161 1008 quamquam
1194 961 1248 997 hic
1282 962 1420 1008 quidem
1447 961 1496 997 nil
1523 962 1588 997 im·

169 1019 277 1065 pedit,
306 1019 490 1064 quominus
518 1019 641 1054 ultima
668 1020 710 1054 ad
738 1020 882 1055 verbum
902 1021 1106 1066 exspirandi
1131 1020 1241 1055 solum
1260 1021 1462 1065 referamus,
1490 1031 1589 1066 prae-

168 1082 265 1113 terea
292 1070 325 1113 11'
349 1079 421 1113 200
448 1080 500 1121 (ut
526 1079 622 1122 tigna
649 1089 692 1114 ex
726 1076 832 1125 aqua)
854 1079 964 1125 forae
996 1086 1172 1126 emerqant
1203 1080 1431 1126 emittamque,
1464 1079 1587 1124 quibus

168 1136 203 1170 in
241 1137 461 1182 praecedenti
493 1148 595 1171 versu
635 1137 718 1172 item
759 1148 955 1183 synonyma
988 1138 1199 1183 respondent
1231 1138 1335 1173 verba
1364 1140 1511 1173 revomit
1539 1160 1587 1165 —-

167 1203 272 1243 atque
296 1197 441 1232 remittit
467 1195 604 1242 aequali
632 1196 800 1231 orationis
828 1197 1100 1232 conformatione
1127 1196 1276 1239 eleganti
1311 1207 1393 1230 sane
1419 1199 1453 1231 et
1477 1197 1586 1231 medi-

167 1259 258 1299 tata,
297 1257 352 1290 cui
392 1256 533 1301 quidem
574 1256 659 1291 artis
700 1256 893 1292 rhetoricae
932 1256 1050 1299 generi
1088 1256 1227 1302 saepius
1261 1255 1351 1302 apud
1384 1254 1584 1291 Lucretium

167 1324 404 1357 occurremus;
446 1325 510 1350 nec
550 1315 730 1349 dissimilis
767 1326 822 1349 res
862 1318 915 1349 est
946 1316 981 1349 in
1017 1326 1119 1349 versu
1156 1315 1185 1349 ΙΙ
1214 1316 1284 1350 784
1320 1323 1503 1362 praeterea
1533 1317 1587 1350 nil

167 1373 326 1419 officiunt
356 1373 560 1420 obstantque
585 1375 744 1423 fiyurae,
781 1373 984 1419 quibuscum
1019 1373 1230 1409 conveniunt
1262 1373 1394 1409 duobus
1428 1372 1585 1408 versibus

167 1434 246 1476 post
272 1442 381 1476 aeque
409 1432 469 1466 illa
496 1433 679 1466 coniuncta
705 1440 741 1467 at
766 1434 861 1467 varii
885 1445 1003 1467 rerum
1034 1434 1220 1479 inpediunt
1246 1432 1501 1479 prohibentque
1526 1444 1584 1467 eo-

167 1490 277 1533 lore85
311 1489 433 1525 horum
462 1490 644 1526 verborum
672 1501 736 1537 par
763 1491 859 1537 prius
887 1490 1121 1525 consociatum
1157 1490 1313 1525 videmus
1340 1490 1443 1525 etiam
1472 1490 1486 1524 I
1513 1490 1583 1524 337

164 1563 315 1596 namque
347 1550 501 1596 officium
534 1551 628 1597 quod
660 1552 818 1597 eorporis
853 1557 964 1595 extat,
1008 1550 1155 1596 Officere
1192 1556 1296 1597 atque
1330 1549 1465 1585 obstare
1472 1577 1482 1594 ,
1524 1548 1581 1584 ubi

165 1612 268 1655 poeta
299 1608 403 1644 simul
436 1608 550 1655 lepide
584 1609 697 1644 verbis
731 1610 887 1655 officium
926 1615 960 1643 et
992 1610 1128 1655 officere
1164 1608 1269 1653 ludit,
1309 1609 1391 1644 item
1431 1608 1503 1643 fere
1542 1619 1582 1643 ac

163 1668 305 1714 Cicero,
345 1667 404 1714 qui
431 1668 466 1703 in
498 1670 584 1703 orat.
613 1679 675 1714 pro
702 1666 738 1703 S.
760 1667 882 1703 Roscio
919 1678 992 1714 par.
1018 1669 1084 1703 112
1116 1671 1196 1714 apte
1231 1678 1251 1702 a
1277 1666 1445 1702 Munrone
1478 1666 1583 1702 allata

163 1730 245 1764 haee
279 1728 363 1763 dicit
395 1740 457 1762 cur
490 1748 533 1751 —
566 1729 650 1762 meis
684 1728 872 1762 commodis
905 1728 1020 1773 officio
1052 1727 1214 1763 simulato
1247 1727 1358 1773 officie
1388 1734 1420 1762 et
1445 1726 1582 1762 obstas?

162 1788 324 1832 idemque
350 1788 385 1821 in
413 1785 566 1821 eiusdem
595 1786 762 1821 orationis
789 1786 1007 1832 paragrapho
1034 1790 1133 1821 sexta
1158 1786 1284 1821 iterum
1313 1786 1418 1822 verba
1443 1786 1580 1821 obstare

163 1850 197 1882 et
224 1847 361 1892 officere
386 1848 425 1880 ut
450 1855 644 1891 synonyma
670 1845 864 1891 copulavit,
896 1845 1019 1890 quibus
1052 1845 1217 1890 denique,
1249 1845 1278 1880 si
1304 1845 1437 1892 placet,
1471 1845 1579 1880 addas

162 1917 180 1941 e
207 1904 308 1940 Livio
336 1904 376 1940 II.
405 1905 444 1947 2,
471 1905 493 1940 6
532 1905 572 1940 id
603 1904 758 1949 officere,
798 1905 839 1939 id
868 1904 1004 1940 obstare
1034 1905 1194 1940 libertati.
1255 1903 1416 1939 Ceterum
1450 1903 1578 1939 talibus

162 1965 278 2001 verbis
319 1975 407 2010 quae
448 1974 580 1999 moram
621 1966 655 1999 et
690 1963 977 2010 impedimentum
1016 1964 1171 1999 indicant
1204 1964 1397 1999 coniunctis
1437 1963 1578 2009 saepius

163 2023 397 2067 occurrimus,
431 2033 494 2057 nec
521 2022 631 2057 solum
659 2023 701 2057 iis
728 2023 764 2057 in
793 2022 917 2068 quibus
944 2023 1077 2058 sonitus
1104 2026 1157 2058 est
1182 2022 1391 2067 similitudo,
1422 2021 1517 2057 velut
1541 2021 1576 2056 in

162 2083 302 2119 Lucreti
328 2082 417 2118 libro
446 2082 473 2115 V
504 2083 573 2117 716
600 2095 785 2117 occursans
812 2083 1034 2129 efficiensque
1060 2085 1094 2117 et
1117 2083 1210 2128 apud
1228 2082 1428 2117 Ciceronem
1456 2093 1576 2115 oecur-

161 2155 236 2178 rere
268 2150 369 2189 atque
401 2143 564 2177 obsistere
593 2139 645 2187 (in
672 2144 757 2176 orat.
786 2141 821 2176 in
849 2140 1033 2176 Catilinam
1062 2140 1119 2176 III.
1150 2142 1182 2186 7,
1214 2139 1292 2187 17),
1322 2152 1521 2188 repuynare
1546 2147 1578 2174 et

161 2204 318 2237 resistere
344 2202 396 2245 (in
424 2212 472 2236 or.
502 2211 565 2247 pro
592 2200 732 2236 Rabirio
759 2202 799 2244 5,
832 2202 907 2245 15),
941 2200 1000 2235 sed
1033 2200 1137 2235 etiam
1170 2199 1297 2236 talibus
1333 2200 1518 2235 adversari
1542 2202 1576 2234 et

160 2273 359 2309 repuynare
377 2258 434 2306 (de
453 2259 542 2296 offic.
562 2259 587 2295 Ι.
604 2261 662 2303 31,
686 2258 783 2306 110),
800 2261 997 2308 repuqnari
1014 2259 1200 2307 obsietique
1219 2259 1275 2304 (de
1292 2259 1349 2294 fin.
1370 2258 1425 2293 IV.
1448 2260 1480 2303 7,
1503 2259 1574 2303 17),

161 2331 272 2365 neque
305 2320 422 2355 dubito
455 2320 546 2366 apud
579 2318 777 2355 Lucretium
812 2320 927 2366 ipsum
961 2319 996 2354 in
1031 2330 1132 2354 versu
1165 2319 1180 2354 I
1210 2319 1280 2355 977
1321 2329 1384 2366 pro
1417 2318 1571 2353 codicum

160 2379 306 2414 lectione
330 2378 476 2425 probeat
501 2379 699 2426 efficiatque
724 2390 745 2413 a
771 2378 993 2414 Lachmanno
1029 2381 1064 2413 et
1088 2377 1278 2425 Bernaysio
1310 2378 1441 2413 maiore
1468 2388 1571 2422 quam

160 2450 247 2483 opus
287 2441 362 2473 erat
402 2438 530 2484 pietate
562 2441 766 2473 conservata
800 2437 947 2485 probare
985 2436 1075 2483 quod
1109 2435 1285 2484 Gryphius
1317 2440 1352 2473 et
1381 2435 1571 2472 Lambinus

159 2497 379 2532 coniecerunt
406 2497 556 2542 probeat
588 2497 804 2543 officiatque,
839 2508 882 2531 ex
916 2496 1090 2532 constanti
1124 2497 1224 2531 huius
1259 2499 1382 2542 poetae
1413 2507 1493 2541 usu,
1533 2500 1571 2532 ut
