1835 2765
911 47 958 83 45

234 154 353 180 sumus
390 145 551 181 reddere:
591 156 691 181 wenn
722 145 815 181 diese
847 141 954 180 durch
979 144 1091 181 Zufall
1124 147 1212 181 etwa
1239 144 1443 181 entstanden
1470 143 1560 179 sind.
1587 162 1632 167 —-

234 202 296 239 His
323 204 613 241 substantivorum
639 204 724 241 loeis
750 204 810 241 alii
828 203 1037 249 adiungendi
1054 207 1146 250 sunt,
1173 204 1243 251 qui,
1270 215 1476 251 quamquam
1502 214 1572 240 non
1595 202 1637 238 de

233 263 365 300 duobus
402 264 599 300 nominibus
636 264 768 308 agitur,
806 267 924 300 tamen
961 264 1033 300 eius
1065 275 1167 310 quam
1201 265 1343 309 exposui
1370 264 1516 300 rationis
1542 266 1637 299 certa

234 326 314 359 sunt
351 323 524 370 exempla:
563 322 594 358 II
619 320 751 370 447l48
783 325 821 358 in
855 335 922 370 quo
953 324 1025 358 iam
1047 334 1171 370 qenere
1195 324 1233 356 in
1257 325 1382 369 primis
1407 324 1637 358 adamantina

232 396 321 419 saxa
345 384 471 419 Prima
495 384 569 418 acie
594 389 761 427 constant,
789 392 933 427 quocum
960 382 1115 417 conferre
1140 381 1223 417 lieet
1249 380 1279 415 V
1296 379 1404 428 59160
1430 396 1496 429 quo
1512 394 1636 430 yenere

232 443 271 476 in
294 443 420 488 primis
446 442 557 476 animi
579 447 707 475 natura
731 447 868 487 reperta
894 448 943 476 est
958 441 1089 476 Nativo
1113 442 1267 487 primum
1293 440 1534 485 (potissimum)
1559 453 1636 476 con-

234 502 351 537 sistere
377 512 520 547 corpore
545 506 636 536 creta
662 502 696 535 et
721 499 779 535 ubi
806 499 972 547 temporis
1000 503 1051 536 est
1076 497 1229 535 definitio
1257 497 1286 533 V
1304 499 1375 535 336
1397 500 1535 547 primus
1561 512 1637 535 cum

228 562 359 606 primis
383 561 459 606 ipse
483 566 635 605 repertus
642 573 654 601 ‚-
680 559 803 595 deinde
828 559 843 594 I
871 560 935 594 741
966 567 998 594 et
1018 561 1174 606 qraviter
1197 560 1320 605 maqni
1342 571 1468 605 mayno
1491 560 1639 594 cecidere

234 618 286 653 ibi
310 630 404 661 casu,
432 616 447 652 I
467 614 595 665 1006s7
621 630 728 666 usque
749 619 834 655 adeo
850 620 984 666 passim
997 625 1095 667 patet
1109 620 1230 666 inqens
1248 619 1350 665 copia
1371 616 1473 652 rebus
1490 616 1638 652 Finibus

235 679 398 725 exemptis
436 679 474 713 in
512 685 649 714 cunctas
681 679 834 725 undique
862 680 995 725 partis,
1035 677 1081 713 III
1107 678 1153 713 38
1170 678 1338 724 funditus
1364 677 1552 713 humanam
1579 679 1641 724 qui

233 738 341 771 vitam
372 736 489 771 turbat
512 736 554 771 ab
580 738 659 771 imo.
714 736 886 771 Funditus
913 736 1021 781 quod,
1047 737 1083 771 ni
1107 736 1226 781 fallor,
1260 736 1379 771 novies
1406 736 1520 771 decies
1547 736 1639 782 apud

234 793 433 830 Lucretium
471 794 620 830 occurrit
657 794 808 829 maxime
840 794 889 829 ita
919 796 958 829 ut
982 804 1059 829 oum
1086 794 1254 830 adieetivo
1281 797 1392 831 omnis
1417 795 1638 830 coniunctum

235 854 304 889 vim
332 854 404 890 eius
431 856 570 899 augeat,
598 853 661 889 hoc
686 853 760 889 loco
787 864 884 888 suam
911 852 1087 899 propriam
1114 852 1216 889 habet
1242 855 1309 889 vim
1337 857 1440 900 atque
1465 852 1638 898 signifiea-

235 913 362 948 tionem
390 915 429 948 ut
453 912 488 947 in
516 923 565 947 vs.
585 913 615 948 V
641 913 710 948 497
739 911 873 955 (mundi
899 911 1015 955 limus)
1038 912 1189 947 subsedit
1195 913 1362 957 funditus
1380 911 1428 958 (h.
1448 924 1477 948 e.
1495 915 1534 947 in
1552 911 1638 958 imo)

234 979 273 1009 ut
299 973 408 1019 faex,
449 970 478 1007 V
510 971 603 1008 1433
640 984 784 1019 maynos
822 973 1003 1007 commovit
1022 971 1191 1018 funditus
1222 972 1334 1017 (quasi
1364 982 1407 1007 ex
1436 972 1505 1007 imo
1535 972 1637 1015 mari)

235 1040 367 1078 aestus,
392 1031 437 1067 VI
464 1032 535 1067 884
561 1032 603 1066 de
628 1038 790 1079 terraque
813 1038 978 1067 necessest
992 1031 1161 1078 funditus
1185 1033 1267 1078 ipsa
1295 1030 1350 1074 (eat
1374 1033 1453 1066 imis
1477 1031 1637 1078 partibus

235 1094 360 1134 terrae)
392 1091 490 1138 anis
529 1103 678 1138 corpora
702 1103 771 1138 per
800 1097 906 1126 totum
938 1103 1143 1138 consuryere
1162 1091 1309 1136 fontem.
1362 1089 1452 1125 Huic
1482 1090 1638 1137 exemplo

236 1150 347 1186 simile
379 1153 433 1186 est
458 1149 542 1185 illud
568 1149 603 1185 in
629 1161 660 1185 v.
679 1149 726 1186 IV
752 1150 822 1186 266
849 1151 1013 1186 duritiem
1031 1152 1173 1198 penitus
1199 1152 1280 1185 saxi
1303 1152 1467 1186 sentimus
1491 1152 1529 1186 in
1555 1150 1637 1195 alto,

236 1210 293 1245 ubi
321 1221 400 1245 vere
425 1209 547 1245 Munro
574 1208 657 1245 haee
683 1208 839 1244 adnotat:
872 1216 1069 1253 extremum,
1097 1222 1284 1254 summum,
1309 1211 1464 1257 penitus,
1490 1212 1529 1245 in
1555 1210 1637 1254 alto,

236 1269 289 1305 tlte
326 1281 419 1305 same
455 1269 550 1316 thing]
581 1270 619 1304 in
652 1268 810 1316 different
838 1269 953 1304 words
979 1275 1011 1304 to
1037 1270 1192 1304 increase
1217 1268 1270 1304 the
1285 1268 1391 1315 force
1418 1268 1461 1315 of
1481 1269 1534 1304 the
1560 1281 1639 1305 con—

236 1336 337 1365 trast:
377 1342 399 1364 a
430 1341 511 1376 very
532 1328 714 1375 favoum'te
743 1328 872 1373 artifice
898 1328 939 1374 of
960 1328 1022 1363 his.
1077 1327 1265 1363 Coniunxit
1290 1330 1393 1375 poeta
1417 1327 1478 1363 illa
1500 1330 1639 1376 penitus

237 1390 271 1423 et
307 1389 344 1423 in
381 1388 450 1423 alto
489 1386 659 1433 particula
690 1399 754 1434 que
785 1387 821 1422 in
849 1386 965 1422 vs.111
990 1387 1076 1432 580,
1105 1386 1151 1421 IV
1178 1388 1235 1432 71,
1267 1384 1406 1433 197s98.
1458 1386 1534 1423 Huc
1565 1387 1639 1423 sine

233 1446 336 1482 dubio
366 1446 517 1493 pertinet
548 1445 652 1482 etiam
683 1457 714 1481 v.
740 1445 771 1481 II
808 1446 902 1483 1034
928 1458 968 1481 eoe
992 1447 1184 1493 improviso
1210 1448 1288 1481 visu
1314 1445 1466 1482 subiecta
1489 1454 1637 1494 repente,

234 1517 440 1553 quamquam
479 1505 601 1541 ceteris
633 1505 734 1541 rebus
764 1505 864 1541 lectio
891 1505 990 1540 huius
1018 1516 1136 1541 versus
1162 1505 1262 1541 valde
1288 1506 1421 1541 incerta
1446 1511 1514 1551 est,
1553 1506 1636 1541 item

234 1564 391 1601 nonnulli
417 1564 476 1600 alii
500 1564 581 1600 loci:
608 1576 640 1600 v.
656 1563 670 1600 I
689 1564 755 1599 711
777 1577 901 1612 maqno
920 1577 1020 1611 opere
1038 1578 1060 1599 a
1076 1576 1155 1599 vero
1175 1564 1274 1611 lonye
1291 1566 1449 1600 derrasse
1464 1566 1635 1610 videntur,

235 1636 312 1661 cum
336 1625 372 1660 in
398 1635 448 1660 vs.
467 1623 483 1659 I
509 1624 592 1669 637,
618 1622 648 1659 ΙΙ
677 1624 758 1669 176,
783 1622 831 1659 III
852 1622 919 1659 105
936 1636 1142 1671 maynopere
1160 1622 1269 1659 solum
1288 1623 1324 1659 111
1342 1623 1447 1659 simili
1466 1624 1637 1660 sententia

234 1683 414 1720 Lueretius
451 1683 621 1730 posuerit3
662 1683 784 1719 deinde
821 1683 858 1718 in
897 1694 928 1718 v.
952 1682 999 1718 111
1033 1684 1100 1719 108
1134 1689 1166 1719 et
1188 1690 1279 1718 retro
1298 1684 1347 1733 fit
1370 1685 1424 1718 uti
1447 1690 1568 1719 contra
1593 1685 1639 1719 sit

235 1756 336 1791 saepe
359 1744 512 1779 vicissim
537 1753 614 1778 cum
641 1743 738 1787 gravi
763 1742 919 1778 ubertate
945 1742 1108 1778 orationis
1135 1741 1275 1787 dietum,
1303 1745 1406 1788 atque
1431 1743 1468 1777 in
1486 1754 1516 1778 v.
1532 1742 1547 1778 I
1566 1743 1636 1778 846

236 1815 346 1850 supra
372 1814 457 1849 quos
482 1802 634 1838 dioeimus
659 1809 750 1848 ante,
777 1802 867 1848 quod
892 1801 986 1838 nullo
1012 1801 1161 1848 pondere
1186 1802 1334 1848 positum
1362 1801 1466 1837 etiam
1488 1802 1524 1837 in
1543 1812 1591 1836 vs.
1610 1801 1635 1837 Ι.

236 1862 319 1907 429,
345 1862 429 1906 531,
455 1860 500 1896 IV
526 1861 598 1897 670
621 1862 662 1896 id
692 1862 788 1908 quod
821 1863 895 1897 iam
926 1874 1053 1909 supera
1084 1859 1220 1908 (supra)
1258 1861 1322 1896 tibi
1358 1873 1459 1908 saepe
1497 1858 1637 1908 (paulo)

238 1922 445 1957 ostendimus
470 1927 548 1955 ante
572 1920 756 1956 invenitur.
796 1919 892 1955 Illius
919 1922 1032 1956 autem
1057 1931 1159 1966 quam
1177 1920 1212 1955 in
1231 1930 1280 1955 vs.
1295 1919 1341 1955 IV
1360 1920 1431 1955 226
1450 1922 1484 1955 et
1500 1918 1546 1954 VI
1564 1920 1636 1956 934

236 1979 477 2016 Lachmannus
503 1979 539 2014 in
555 1977 755 2014 Lucretium
780 1978 897 2014 intulit
924 1979 1089 2014 orationis
1112 1979 1342 2015 abundantiae
1360 1986 1526 2027 perpetuo
1550 1991 1636 2026 quo-

237 2042 335 2075 niam
371 2041 533 2075 sentimus
571 2045 603 2074 et
639 2039 756 2074 omnia
793 2050 925 2085 semper
959 2041 1062 2085 poeta
1096 2038 1210 2085 potius
1242 2037 1468 2074 absolvendus
1500 2038 1637 2074 videtur

240 2110 342 2136 versu
368 2098 534 2144 sequenti,
561 2108 660 2143 quem
687 2096 926 2133 Lachmannus
952 2096 1141 2143 deleverat,
1168 2108 1244 2133 eum
1271 2096 1438 2133 Munrone
1463 2097 1636 2133 restituto.

337 2156 506 2195 Notabilis
538 2156 694 2204 asyndeti
723 2155 816 2192 illius
849 2156 979 2203 speeies
1011 2158 1106 2192 extat
1137 2156 1185 2193 ibi
1217 2156 1273 2192 ubi
1307 2155 1426 2192 eadem
1463 2157 1638 2194 sententia

239 2217 347 2254 altero
377 2217 531 2253 membro
557 2216 697 2261 neganti
727 2215 834 2251 altero
861 2214 1046 2250 affirmanti
1073 2215 1277 2262 exprimitur
1303 2218 1337 2251 et
1362 2220 1528 2262 apparet,
1560 2227 1638 2253 cum

240 2279 342 2323 poeta
373 2275 456 2311 dicit
486 2283 607 2324 sponte
631 2288 696 2311 sua
716 2275 834 2319 facere
858 2276 897 2310 id
921 2276 994 2309 sine
1017 2276 1056 2309 vi
1079 2274 1241 2310 subeunte
1260 2275 1501 2322 putandumst,
1532 2276 1581 2319 (111
1608 2288 1638 2311 ν.

240 2334 373 2380 11193)
404 2335 611 2372 sententiam
643 2345 711 2371 non
742 2334 815 2370 sine
846 2344 970 2378 magna
1000 2332 1034 2368 vi
1065 2333 1175 2378 magis
1208 2331 1343 2369 definiri
1375 2337 1410 2370 et
1442 2335 1640 2382 expressius

241 2395 413 2430 enuntiari
445 2394 604 2441 idemque
635 2393 674 2430 fit
703 2394 739 2429 in
776 2405 824 2429 vs.
857 2390 1022 2440 1213l14
1054 2394 1148 2440 quod,
1177 2395 1209 2428 si
1231 2394 1331 2429 nulla
1353 2394 1490 2440 forent,
1522 2402 1638 2431 nostro

241 2454 315 2489 sine
342 2465 497 2505 quaeque
514 2453 632 2489 labore
650 2453 782 2500 Sponte
806 2465 871 2488 sua
886 2452 991 2488 multo
999 2451 1084 2497 fieri
1099 2452 1244 2488 meliora
1260 2453 1395 2490 videres
1409 2464 1555 2500 quocum
1572 2454 1639 2489 uti-
