1835 2765
870 42 892 77 9

174 141 272 175 bonis
308 140 409 176 rebus
446 143 643 187 satiareque
679 152 870 187 numquam
910 139 1001 183 (vide
1032 139 1209 174 Munronis
1242 137 1393 185 notam),
1434 138 1480 174 IV
1513 139 1584 173 322

174 199 358 247 splendida
382 212 490 247 porro
518 200 610 235 oculi
626 199 789 247 fuqitant
813 200 989 246 vitantque
1014 201 1121 242 tueri,
1164 198 1208 233 IV
1240 200 1332 234 1104
1361 211 1444 233 nam
1459 198 1585 244 facere

173 261 346 295 interdum
374 261 459 296 velle
488 268 518 295 et
544 267 674 295 certare
699 260 877 302 videntur,
918 257 964 293 IV
995 259 1085 294 1261
1112 271 1195 293 nam
1219 259 1343 294 mulier
1365 258 1525 306 prohibet
1549 270 1584 293 se

175 321 351 366 concipere
377 326 479 366 atque
503 326 687 365 repuqnat,
713 318 743 352 V
764 319 832 352 759
860 330 949 364 quae
964 318 1110 363 faciunt
1132 320 1228 364 iqnes
1245 320 1465 364 interstingui
1480 324 1585 364 atque

172 379 299 425 perire,
328 377 357 412 V
384 378 452 413 537
482 379 700 413 coniunctam
726 384 829 424 atque
853 378 968 412 uniter
994 384 1126 424 aptam,
1154 376 1195 412 cf.
1220 377 1303 420 555,
1331 376 1414 421 558,
1439 376 1468 410 V
1490 376 1582 411 1048

174 449 292 484 cogere
316 438 397 472 item
417 437 539 483 plures
564 450 654 471 uuus
676 438 850 483 victosque
871 437 1012 471 domare
1031 435 1124 479 (‘mit
1142 434 1275 471 Gewalt
1293 435 1382 470 dazu
1401 433 1582 479 zwingen')

174 496 347 530 contraria
372 494 486 530 verbis
512 496 634 531 docere
659 514 704 519 —
730 496 942 543 suadereque
970 496 1086 530 surdis
1112 495 1148 530 in
1175 506 1207 530 v.
1230 495 1323 529 1050
1348 492 1417 540 (‘in
1435 492 1523 528 Gfite
1542 505 1583 528 zu

174 553 379 600 belehren²).,
414 564 524 600 neque
552 555 632 590 item
661 566 756 590 mera
783 555 919 590 videtur
945 555 1156 591 abundantia
1182 555 1216 590 in
1245 553 1342 589 v.111
1370 553 1442 589 362
1467 565 1585 588 sensus

175 615 266 648 enim
291 614 399 648 trahit
423 620 526 660 atque
551 616 641 649 acies
667 615 820 649 detrudit
844 616 892 649 ad
915 616 1025 661 ipsae,
1053 626 1155 660 quem
1183 625 1203 649 a
1221 613 1446 649 Lachmanno
1470 615 1584 646 trans-

175 672 344 718 positum,
384 683 403 706 a
435 671 622 719 Bernaysio
662 673 893 719 proscriptum
932 673 1047 708 nescio
1088 684 1130 708 an
1163 672 1292 708 Pollius
1332 670 1384 718 (in
1415 670 1585 715 Philologi

151 762 152 767 ,
175 732 241 766 vol.
265 733 311 767 26
342 742 420 778 pag.
445 732 529 775 330)
564 735 644 777 apte
675 734 786 766 vertat
812 736 846 766 et
872 732 1022 778 explicet
1047 732 1100 767 his
1128 732 1256 767 verbis:
1298 731 1382 777 „der
1409 730 1584 766 Gesichts-

176 791 270 835 sinn,
309 790 341 825 d.
372 790 404 825 h.
433 791 487 824 die
520 789 755 835 Empfindung
781 790 943 824 wahrend
974 790 1033 825 des
1061 789 1201 835 Sebens,
1242 791 1340 825 weist
1365 801 1429 824 uns
1456 800 1584 823 unaus-

177 848 350 884 weichlich
378 860 422 884 an
449 849 503 884 die
522 849 644 893 Augen
671 848 778 884 selbst
804 848 855 883 als
882 848 944 884 das
967 848 1245 884 funktionirende
1265 848 1392 894 Organ,
1420 847 1583 883 wahrend

175 909 230 944 die
269 908 404 944 blossen
444 909 532 944 ostia
570 908 665 943 nicht
696 908 931 944 funktioniren
965 907 1138 943 konnen“.
1173 928 1217 932 —
1251 907 1428 943 Postremo
1454 908 1490 942 in
1518 906 1583 942 v.I

177 969 247 1003 732
272 969 509 1015 vocfferantur
533 975 564 1003 et
589 974 765 1014 exponunt
786 969 973 1014 praeclara
997 975 1135 1015 reperta
1161 968 1267 1003 verba
1292 968 1529 1013 vocfferantur
1553 974 1583 1002 et

175 1035 353 1075 exponunt
378 1028 405 1063 si
432 1027 704 1071 coniunguntur,
731 1037 798 1061 non
826 1027 901 1061 sine
928 1028 961 1061 vi
988 1027 1148 1073 copulata
1175 1027 1345 1061 videntur.
1398 1025 1465 1060 Sed
1492 1030 1583 1060 certe

174 1087 248 1123 fieri
274 1090 400 1133 potest,
428 1091 465 1121 ut
489 1086 727 1132 vociferantur
752 1085 884 1121 obiecto
911 1089 1027 1121 careat
1053 1086 1108 1129 (cf.
1138 1085 1316 1121 Munronis
1343 1085 1487 1129 notam).

276 1145 339 1180 His
381 1145 539 1180 omnibus
577 1145 683 1188 igitur
720 1156 804 1190 quos
843 1145 945 1179 attuli
984 1145 1069 1179 locis
1107 1145 1361 1180 concedendum
1402 1147 1478 1179 erat
1515 1156 1582 1179 non

175 1215 316 1252 prorsus
352 1214 605 1251 supervacanea
645 1204 841 1240 accessione
879 1204 1070 1240 orationem
1111 1204 1264 1249 onerari,
1305 1203 1364 1239 sed
1399 1203 1581 1239 verborum

175 1264 440 1308 congregatione
467 1264 657 1298 sententiae
684 1264 753 1298 vim
781 1267 861 1310 apte
889 1264 932 1298 ad
963 1275 1132 1299 conexum
1161 1264 1279 1308 augeri
1307 1267 1341 1298 et
1368 1264 1583 1307 exaggerari.

177 1322 244 1359 Sed
271 1322 352 1369 quid
388 1322 429 1358 de
461 1322 584 1358 ceteris
616 1322 831 1358 iudicamus?
883 1322 970 1358 Nam
1004 1323 1113 1359 multa
1147 1327 1349 1370 supersunt,
1388 1322 1424 1358 in
1457 1322 1584 1369 quibus

178 1383 281 1418 talem
322 1382 391 1417 vim
430 1383 488 1417 vix
532 1382 661 1428 poteris
699 1382 965 1428 deprehendere.
1023 1383 1112 1418 Num
1153 1383 1259 1427 igitur
1298 1382 1357 1418 illa
1396 1382 1582 1418 elocutioni

178 1441 318 1477 Lucreti
345 1452 412 1476 non
440 1441 596 1476 excultae
623 1444 725 1487 atque
744 1441 870 1487 politae
898 1442 1110 1477 tribuemus?
1154 1441 1243 1477 Sunt
1268 1442 1359 1477 enim
1388 1443 1451 1477 viri
1479 1442 1582 1487 docti,

179 1502 236 1546 qui
265 1501 368 1535 verba
395 1511 586 1546 synonyma
613 1511 798 1545 numquam
826 1501 891 1535 nisi
917 1502 1123 1536 sententiam
1143 1513 1345 1547 expressam
1365 1501 1583 1547 duplicatura

180 1560 221 1595 ab
249 1559 390 1606 optimis
417 1559 643 1606 scriptoribus
669 1559 828 1604 coniungi
856 1560 1072 1604 existiment,
1100 1566 1133 1595 et
1159 1561 1332 1607 copiosius
1360 1561 1522 1606 exposuit
1549 1565 1582 1595 et

179 1619 367 1654 illustravit
384 1619 472 1653 hanc
491 1619 695 1654 sententiam
714 1619 1013 1663 Naegelsbachius‚
1043 1620 1094 1654 vir
1113 1621 1283 1655 sermonis
1301 1619 1416 1655 Latini
1442 1620 1582 1666 peritis-

179 1678 299 1722 simus,
331 1678 365 1712 in
392 1678 479 1712 libro
506 1677 548 1712 de
575 1678 653 1712 stilo
680 1677 803 1713 Latino
831 1677 861 1722 ξ.
882 1678 939 1723 81,
970 1681 1000 1713 1.
1051 1678 1115 1720 Qui
1142 1689 1219 1713 cum
1247 1679 1289 1713 de
1316 1679 1485 1725 pedestris
1514 1679 1580 1713 sci-

177 1737 258 1771 licet
296 1737 464 1771 sermonis
503 1737 729 1782 scriptoribus
768 1741 802 1772 et
846 1737 969 1772 iisdem
1010 1738 1106 1773 bonis
1144 1737 1345 1773 Latinitatis
1384 1738 1580 1773 auctoribus

178 1795 342 1830 iudicium
381 1795 503 1839 faciat,
544 1806 605 1830 nos
632 1806 671 1830 ea
703 1807 790 1841 quae
821 1797 855 1831 in
887 1796 950 1832 hac
987 1808 1023 1831 re
1051 1796 1231 1832 Lucretius
1258 1807 1419 1842 peccasse
1446 1797 1580 1832 videtur

178 1854 294 1888 omnia
332 1856 391 1887 aut
428 1853 582 1888 incuriae
622 1853 826 1889 elocutionis
858 1855 1049 1890 tribuemus
1082 1859 1142 1890 aut
1170 1856 1317 1890 fortasse
1356 1856 1458 1891 metri
1490 1855 1579 1890 diffi-

178 1912 362 1948 cultatibus
389 1912 669 1948 condonabimus.
712 1912 777 1949 Sed
805 1917 844 1949 ut
869 1914 991 1960 fatear,
1018 1914 1099 1961 quid
1128 1915 1286 1959 sentiam,
1316 1915 1398 1950 mihi
1417 1914 1579 1959 Naegels-

180 1971 320 2006 bachius
346 1982 413 2005 non
442 1972 535 2005 omni
563 1982 604 2005 ex
632 1975 730 2017 parte
756 1983 828 2006 rem
862 1974 1049 2018 perfecisse
1077 1974 1222 2009 videtur.
1276 1974 1487 2019 Quamquam
1516 1974 1580 2008 hoc

180 2030 317 2076 quidem
337 2030 389 2065 vir
407 2029 605 2076 praeclarus
633 2033 723 2065 recte
751 2031 897 2076 monuit,
923 2043 977 2077 ne,
1006 2043 1073 2078 qua
1099 2033 1135 2068 in
1158 2044 1195 2068 re
1214 2044 1316 2079 saepe
1334 2032 1431 2067 multi
1450 2032 1581 2067 frustra

178 2089 354 2134 laborant,
388 2089 546 2125 omnibus
578 2089 744 2125 eiusmodi
775 2089 859 2125 locis
891 2090 1038 2127 diversis
1065 2093 1179 2128 verbis
1211 2093 1311 2128 etiam
1339 2103 1393 2127 res
1421 2091 1579 2127 diversas

182 2148 352 2183 contineri
378 2148 615 2183 existimemus
646 2159 731 2183 neve
764 2149 968 2183 sententiam
1001 2151 1137 2195 plenam
1166 2162 1239 2186 esse
1265 2154 1364 2195 atque
1391 2150 1579 2196 perfectam

179 2206 358 2242 credamus
385 2207 452 2242 nisi
479 2209 624 2253 utroque
642 2207 745 2243 verbo
771 2207 901 2243 relicto.
942 2206 1043 2243 Certe
1063 2209 1167 2245 verba
1185 2209 1253 2254 illa,
1281 2219 1367 2254 quae
1386 2220 1581 2256 synonyma

180 2266 361 2300 coniuncta
387 2266 555 2310 videmus,
582 2278 649 2301 non
677 2278 813 2313 semper
831 2267 921 2302 idem
941 2267 1140 2311 significant
1166 2280 1272 2313 neque
1291 2269 1418 2314 ubique
1436 2272 1581 2315 possunt

179 2325 398 2370 commutari,
431 2325 490 2361 sed
518 2325 598 2372 quid
632 2337 766 2372 quoque
792 2326 864 2361 loco
891 2328 1008 2372 aptum
1037 2327 1083 2362 sit
1108 2327 1266 2374 loquendi
1299 2339 1382 2364 usus
1413 2331 1579 2375 tyrannus

180 2395 283 2431 saepe
301 2389 394 2420 certo
413 2384 479 2420 fine
497 2385 757 2429 determinavit3
784 2391 863 2421 sunt
880 2389 993 2421 autem
1013 2386 1091 2432 loci,
1120 2388 1177 2424 ubi
1195 2388 1352 2424 notiones
1370 2388 1580 2424 misceantur

180 2455 289 2489 neque
316 2444 359 2479 ad
386 2455 553 2479 conexum
582 2445 766 2490 quidquam
796 2444 947 2489 differat,
978 2450 1093 2480 utrum
1128 2449 1190 2482 hoc
1216 2457 1259 2481 an
1285 2447 1345 2482 illo
1373 2448 1478 2483 verbo
1505 2452 1579 2483 uta—
