1835 2765
877 64 924 99 62

662 199 833 241 CAPUT
867 198 1131 250 QUARTUM.

290 276 356 312 Sed
393 277 434 312 de
466 276 529 312 1100
563 289 688 322 genere
721 279 805 314 satis
838 279 965 314 dictum
1001 278 1054 313 sit.
1109 278 1358 322 Transgredior
1390 277 1432 313 ad
1463 288 1602 322 novum,

190 335 281 382 quod
307 347 427 372 omnes
454 347 513 372 eos
540 338 634 373 locos
661 337 849 384 contineat,
887 339 922 374 in
949 338 1072 385 quibus
1098 337 1203 373 verbo
1230 336 1364 373 cuidam
1393 340 1453 373 aut
1478 347 1603 373 nomen

190 399 250 431 aut
276 395 484 432 adiectivum
515 402 575 432 aut
602 398 801 433 adverbium
830 402 890 434 aut
914 398 1060 444 denique
1078 397 1280 442 gerundium
1302 399 1439 444 praeter
1456 397 1603 432 necessi—

189 458 295 489 tatem
330 456 492 502 apposita
524 457 731 492 invenimus.
791 457 929 492 Initium
966 461 1081 492 sumat
1111 457 1194 492 haec
1230 456 1382 503 quaestio
1415 467 1434 490 a
1465 456 1603 491 nomine

190 513 294 549 verbo
323 514 477 559 adiecto,
509 515 542 549 in
572 526 639 560 qua
666 526 721 560 re,
755 519 792 550 ut
822 515 878 550 hic
910 527 1046 561 quoque
1080 516 1168 551 ratio
1196 515 1363 562 quaedem
1389 514 1603 560 adhibeatur,

189 573 342 619 primum
370 573 420 608 illi
447 573 510 608 loci
539 577 618 619 apte
638 574 986 619 comprehendentur,
1013 574 1084 618 ubi,
1111 585 1187 609 cum
1208 575 1243 609 id
1263 574 1351 621 quod
1371 577 1430 609 aut
1446 574 1602 609 sensibus

190 635 251 667 aut
281 633 434 679 corporis
469 631 633 667 membris
667 632 782 677 agitur
813 633 861 667 ita
893 632 1109 677 enuntietur,
1148 636 1187 667 ut
1220 634 1253 668 in
1286 634 1389 669 verbo
1419 634 1494 680 ipso
1521 633 1604 667 insit

190 692 323 738 proprii
350 702 470 726 sensus
498 694 557 726 aut
583 691 730 726 membri
758 694 880 738 aperta
906 691 1125 736 significatio,
1152 692 1274 727 horum
1303 695 1419 729 tamen
1440 692 1603 728 vocabula

190 762 208 785 a
235 754 337 797 poeta
365 750 468 785 verbo
496 754 633 796 praeter
660 751 901 786 necessitatem
936 751 1038 786 etiam
1068 751 1279 786 adiciuntur.
1330 752 1423 786 Nihil
1451 753 1539 787 enim
1567 752 1602 786 111

188 810 360 845 sententia
392 809 684 851 desideraremus,
717 810 746 845 si
775 814 879 857 poeta
905 811 939 845 in
968 822 998 845 v.
1019 809 1052 845 II
1078 811 1147 846 357
1177 810 1286 846 solum
1315 810 1461 846 dixisset
1487 813 1604 847 omnia

190 871 366 904 convisens
401 870 494 913 loca,
531 870 640 904 oeulis
666 881 733 904 non
762 870 917 914 adiectis,
950 881 1060 915 neque
1086 871 1121 905 in
1148 882 1179 905 V.
1199 870 1245 905 IV
1271 871 1343 905 464
1364 883 1434 917 pro
1460 872 1542 905 visis
1566 877 1605 905 ut

187 930 256 964 sint
288 941 377 976 quae
402 941 474 964 non
507 935 587 964 sunt
612 929 764 964 sensibus
793 931 869 964 visa
895 929 997 964 inane
1024 940 1186 964 sensuum
1214 929 1485 964 additamentum
1512 928 1603 964 desi-

187 989 359 1024 deremus.
408 988 494 1023 Item
522 988 615 1034 quod
642 988 744 1035 paulo
764 991 865 1023 311103
893 989 942 1032 (111
969 1000 1000 1023 v.
1020 986 1108 1034 457)
1135 992 1238 1034 poeta
1263 989 1306 1023 de
1332 989 1463 1035 campis
1490 991 1603 1023 trans-

187 1047 310 1082 eundis
336 1047 502 1093 loquitur,
530 1059 630 1082 nemo
658 1047 743 1082 illud
770 1048 837 1082 nisi
864 1047 990 1094 pedum
1018 1058 1123 1093 opera
1149 1047 1222 1082 fieri
1242 1058 1308 1082 11011
1327 1058 1430 1093 posse
1447 1047 1601 1092 negabit,

188 1110 248 1142 aut
274 1107 365 1152 quod
385 1106 566 1142 Lucretius
593 1107 627 1141 in
656 1118 685 1141 v.
706 1106 810 1141 1495
834 1106 990 1141 homines
1016 1105 1140 1153 pocula
1158 1119 1264 1141 manu
1281 1108 1461 1142 retinentes
1485 1105 1602 1151 faciat,

187 1165 223 1200 111
252 1177 301 1200 vs.
321 1165 369 1200 111
395 1163 524 1211 910s11
554 1169 669 1201 tamen
696 1166 781 1200 satis
809 1165 934 1200 habeat
960 1166 1085 1210 dicere,
1112 1173 1291 1212 tenentque
1314 1167 1443 1213 poeula
1469 1186 1515 1191 —-
1539 1166 1601 1201 Ιιο-

187 1227 297 1261 mines
328 1227 465 1272 poetam
506 1224 614 1260 altero
640 1224 714 1259 loco
739 1224 932 1259 'omittendo
966 1225 1163 1271 peccavisse
1196 1225 1376 1271 quisquam
1408 1224 1600 1260 contendet.

189 1284 287 1327 Quod
319 1289 356 1319 111
380 1283 442 1319 fiat
467 1287 598 1319 tantum
634 1284 748 1329 abest,
783 1288 821 1319 ut
853 1284 933 1319 talis
966 1285 1115 1320 accessio
1151 1284 1349 1329 verborum,
1384 1296 1470 1331 quae
1500 1284 1601 1320 facile

191 1344 455 1388 intellegantur,
495 1347 672 1388 tamquam
712 1345 843 1378 inutilis
883 1344 1050 1378 orationis
1081 1344 1311 1379 redundantia
1342 1344 1489 1379 fortasse
1526 1344 1601 1379 11110

189 1402 414 1449 vituperetur.
467 1401 541 1444 Qua
573 1403 607 1437 in
641 1413 678 1437 re
706 1403 809 1437 etiam
838 1401 1084 1447 Quintilianus,
1119 1402 1255 1438 subtilis
1281 1402 1339 1437 ille
1366 1413 1484 1437 earum
1513 1413 1600 1448 quae

187 1462 378 1508 perfectum
412 1465 586 1496 oratorem
614 1461 768 1496 efficiunt
794 1462 921 1497 artium
949 1462 1179 1507 existimator,
1215 1465 1331 1497 monet
1359 1473 1448 1506 eum,
1474 1465 1513 1496 111
1538 1460 1599 1496 1311

187 1519 353 1555 effusione
381 1520 564 1564 abstineat,
593 1531 669 1555 cum
697 1521 732 1554 in
753 1523 873 1555 octavo
892 1520 1125 1555 Institutionis
1144 1520 1324 1555 Oratoriae
1342 1520 1443 1564 libro,
1470 1531 1544 1565 cap.
1565 1521 1599 1565 3,

186 1578 384 1624 §53—55
411 1577 480 1625 (ed.
505 1576 637 1625 Halm.)
677 1579 762 1615 11300
796 1579 944 1614 scribat:
971 1580 1037 1614 Est
1062 1586 1093 1615 et
1116 1580 1336 1626 pleonasmos
1361 1580 1494 1624 vitium,
1523 1592 1600 1614 cum

184 1641 412 1687 supervacuis
437 1639 550 1674 verbis
578 1641 689 1674 oratio
718 1646 901 1674 oneratur:
920 1638 997 1686 ‘eqo
1026 1639 1133 1673 oeulis
1158 1641 1240 1673 meis
1266 1636 1371 1683 vidi’,
1398 1642 1482 1673 satis
1507 1640 1599 1674 enim

179 1697 298 1733 ‘vidi'.
339 1699 532 1733 emendavit
557 1699 621 1733 hoe
647 1700 750 1733 etiam
776 1698 909 1733 urbane
934 1700 973 1732 in
999 1698 1118 1732 Hirtio
1145 1698 1273 1741 Cicero,
1303 1700 1370 1742 eui,
1399 1699 1507 1733 stasin
1532 1695 1598 1742 (sic

185 1757 371 1804 Hauptius,
399 1757 477 1793 vide
505 1768 621 1804 opusc.
642 1756 688 1792 Ill
708 1769 741 1804 p.
761 1754 850 1803 480)
877 1770 953 1792 eum
976 1757 1173 1792 declamans
1183 1757 1302 1807 filium
1321 1771 1342 1792 a
1359 1764 1468 1793 matre
1485 1758 1597 1792 decem

184 1818 358 1852 mensibus
384 1819 423 1851 in
449 1824 546 1851 utero
569 1818 678 1851 latum
697 1829 766 1851 esse
784 1818 938 1859 dixisset,
961 1816 1082 1862 ‘quiffl
1107 1814 1230 1860 aliae³‚
1257 1818 1383 1862 inquit,
1406 1816 1457 1851 ‘in
1468 1817 1598 1863 perula

185 1876 297 1911 solent
312 1873 455 1921 ferre’?
480 1887 742 1921 nonnumquam
770 1882 881 1910 tamen
898 1875 990 1909 illud
1003 1887 1125 1922 yenus,
1154 1877 1252 1909 euius
1270 1876 1462 1922 exemplum
1473 1876 1598 1922 priore

185 1936 258 1970 loco
272 1936 393 1981 posui,
413 1935 672 1977 adfirmationis
683 1936 803 1980 qratia
820 1934 1019 1969 adhibetur.-
1032 1932 1226 1980 ‘vocemque
1243 1934 1296 1968 Itis
1310 1934 1454 1969 auribus
1467 1930 1596 1968 hausi'.

183 2001 220 2029 at
244 1995 368 2029 vitium
385 1995 463 2036 erit,
493 1994 649 2039 quotiens
676 1995 822 2027 otiosum
837 1994 956 2039 fuerit
981 2000 1012 2027 et
1037 1994 1219 2039 supererit,
1246 2005 1315 2027 non
1333 2005 1410 2027 eum
1427 1993 1597 2027 adicietur

183 2050 242 2098 (cf.
262 2051 319 2088 IX.
340 2053 374 2096 3,
402 2049 477 2097 46).
531 2051 626 2087 Haec
651 2051 709 2087 ille
735 2063 814 2087 vere
842 2055 944 2098 atque
971 2055 1069 2087 caute
1104 2051 1306 2097 disputavit.
1358 2050 1477 2097 Neque
1503 2050 1595 2085 enim

182 2111 311 2157 ubique
348 2111 434 2146 11300
466 2110 566 2156 copia
598 2111 882 2156 reprehendenda
916 2114 968 2146 est
1001 2111 1060 2146 sed
1094 2110 1316 2145 inveniuntur
1350 2108 1526 2155 exempla,
1559 2109 1595 2144 in

185 2169 308 2215 quibus
334 2170 527 2205 sententiae
553 2169 687 2204 cuidam
708 2170 852 2216 ponderi
879 2180 948 2204 non
975 2170 1093 2216 inepte
1119 2169 1256 2204 videtur
1274 2168 1414 2204 servire.
1458 2167 1532 2203 Hoc
1557 2167 1596 2203 fit

185 2230 219 2263 et
244 2229 279 2263 in
305 2228 478 2264 Aeneidos
504 2228 565 2263 illo
604 2239 724 2273 versu,
761 2239 860 2273 quem
890 2227 1007 2262 attulit
1033 2227 1266 2269 Quintilianus
1299 2229 1333 2261 et
1358 2226 1394 2261 in
1420 2225 1594 2261 Ciceronis

185 2286 259 2322 1000
286 2287 333 2332 (in
362 2299 410 2323 or.
430 2299 494 2335 pro
520 2286 591 2323 Mil.
612 2288 647 2333 2,
674 2289 709 2332 6)
728 2290 801 2323 nisi
818 2288 926 2324 oeulis
943 2288 1103 2322 videritis
1119 2287 1269 2322 insidias
1286 2285 1418 2321 Miloni
1433 2299 1456 2320 a
1472 2284 1593 2321 Clodio

174 2347 297 2392 factas
323 2347 356 2381 h.
380 2358 408 2382 0.
428 2355 508 2383 ante
536 2348 664 2391 oculos,
691 2350 729 2383 in
749 2354 921 2394 promptu
947 2348 1117 2389 videritis,
1145 2345 1334 2390 eademque
1360 2347 1412 2380 est
1428 2355 1483 2380 res
1501 2345 1593 2391 apud

184 2403 383 2440 Lucretium
410 2406 524 2452 ipsum
558 2406 593 2441 in
622 2416 671 2441 vs.
698 2405 712 2441 Ι
739 2402 866 2452 20011,
898 2404 957 2440 ubi
991 2403 1116 2450 pedum
1145 2406 1180 2439 et
1204 2414 1368 2438 manuum
1396 2403 1593 2439 nominibus

184 2463 329 2500 adiectis
355 2468 597 2510 praeterquam
631 2465 723 2511 quod
754 2464 938 2500 alliteratio
971 2463 1082 2508 magis
1115 2463 1178 2499 sub
1210 2462 1325 2499 oculos
1352 2462 1454 2508 cadit,
1487 2463 1591 2498 etiam
