1835 2765
878 47 926 83 73

195 144 313 191 visset,
339 156 546 192 quamquam
574 146 711 192 dubito,
746 157 827 182 num
859 146 927 182 viri
959 146 1049 183 docti
1089 149 1146 194 qui
1175 148 1334 185 Lucretio
1371 161 1469 185 suum
1502 148 1602 184 resti-

195 207 345 251 tuerunt,
372 205 414 241 de
440 206 611 241 sententia
636 209 728 241 recte
755 198 995 242 iudicaverint.
1037 206 1074 242 In
1100 207 1162 242 illa
1188 208 1278 242 enim
1298 209 1465 254 prooemii
1492 212 1601 255 parte,

195 263 254 300 ubi
278 264 459 301 Lucretius
486 265 637 301 Ennium
670 277 739 301 non
772 269 844 301 tam
872 265 1115 313 philosophum
1153 278 1254 312 quam
1288 272 1424 313 poetam
1458 268 1601 303 summis

195 323 355 359 laudibus
374 323 481 367 effert,
509 322 538 369 (I
559 323 767 370 117—126)
786 324 1027 359 Lachmannus
1046 325 1081 359 in
1099 336 1130 359 v.
1154 326 1221 359 121
1248 324 1428 360 lectionem
1447 326 1599 361 codicum

196 381 334 417 Ennius
360 384 506 418 aeternis
533 385 674 430 exponit
702 384 857 419 versibus
890 384 991 418 edens
1017 383 1165 418 mutavit
1196 383 1230 418 in
1264 384 1400 418 Ennius
1427 404 1473 409 —-
1499 386 1600 430 idem,

196 451 264 475 non
303 441 392 486 quod
425 442 459 476 in
491 442 566 488 ipso
602 442 784 489 participio
811 442 1000 478 offenderet
1025 442 1086 478 sed
1113 443 1194 488 quia
1221 443 1334 477 minus
1361 442 1464 478 Ennii
1492 445 1601 490 ipsius

197 510 321 535 nomen
361 500 485 535 iterum
526 502 674 547 positum
715 513 817 548 quam
857 513 1047 548 pronomen
1082 502 1321 548 exspectabat,
1363 513 1429 547 quo
1468 502 1602 538 vinculo

198 569 316 594 versus
346 560 415 595 12O
441 563 525 605 eth.
546 571 621 595 cum
650 561 886 607 superioribus
913 561 1147 606 iungerentur.
1193 560 1287 603 Quae
1314 564 1429 596 tamen
1456 561 1603 596 nominis

197 618 334 653 iteratio
361 618 391 653 si
417 618 545 653 nullam
572 619 675 655 habet
701 620 768 655 vim
797 620 1015 666 rhetoricam,
1044 623 1080 656 at
1105 623 1197 656 certe
1224 632 1267 655 ne
1293 621 1447 656 incuriae
1466 620 1602 666 quidem

202 676 338 712 dicendi
365 677 548 713 tribuenda
574 678 639 714 erit
665 679 724 713 sed
758 679 908 725 simplici
942 680 1134 715 narrationi
1166 680 1327 715 convenit
1361 691 1469 725 eoque
1495 679 1605 724 magis

202 739 386 771 excusatur
424 736 515 782 quod
541 741 702 782 quattuor
728 738 884 772 versibus
910 739 1098 774 interiectis
1129 750 1254 774 nomen
1285 739 1464 785 repetitur.
1516 738 1606 774 Sunt

199 795 290 830 enim
318 795 410 842 apud
437 795 523 831 alios
554 796 740 842 scriptores
771 796 922 831 eiusdem
952 798 1086 841 generis
1113 797 1181 833 alia
1211 798 1306 834 brevi
1334 797 1517 833 intervallo
1540 798 1605 834 ite-

200 865 276 889 rum
304 854 446 900 posita¹)
474 865 578 900 quae,
606 855 764 900 quamvis
790 858 946 890 nostrum
974 867 1111 891 sensum
1142 856 1326 901 offendant,
1353 861 1469 893 tamen
1499 868 1604 904 prop-

199 916 296 948 terea
321 913 492 958 corrigere
519 924 586 948 non
613 914 703 949 cauti
732 920 822 949 esset
840 914 968 950 iudicii.
1013 914 1059 950 Ut
1084 915 1189 958 igitur
1215 915 1257 950 ab
1284 915 1420 950 illorum
1449 916 1603 962 partibus

203 975 256 1007 sto
284 972 342 1018 qui
369 971 523 1007 codicum
557 972 739 1008 lectionem
767 976 967 1017 servarunt,
1000 973 1050 1008 ita
1085 973 1133 1008 eis
1160 974 1217 1008 vix
1245 975 1412 1009 assentior
1438 975 1495 1020 qui
1521 974 1605 1010 11360

200 1033 289 1067 inter
316 1043 352 1067 se
379 1032 561 1067 coniuncta
587 1034 735 1067 aeternis
761 1033 915 1068 versibus
942 1034 1042 1068 edens
1069 1033 1172 1068 verbo
1192 1040 1370 1079 exponunt
1396 1033 1512 1069 addita
1530 1045 1604 1069 esse

201 1091 414 1136 existimant,
441 1091 500 1126 sed
528 1091 556 1126 si
584 1091 666 1137 quid
693 1094 784 1127 recte
810 1092 932 1137 sentio,
960 1091 1045 1127 haec
1071 1091 1187 1127 omnia
1205 1094 1352 1127 aeternis
1370 1095 1511 1140 amponit
1527 1105 1606 1128 ver-

202 1150 296 1185 sibus
322 1151 423 1186 edens
450 1150 493 1185 ad
524 1161 627 1185 unam
656 1151 862 1186 sententiam
898 1151 1220 1198 comprehendenda
1251 1162 1326 1187 esse
1359 1155 1393 1187 et
1426 1151 1606 1188 verborum

203 1210 383 1245 collocatio
410 1214 444 1245 et
462 1210 667 1255 simplicitas
694 1211 885 1245 sententiae
911 1211 1091 1246 ostendere
1111 1211 1281 1255 videntur,
1310 1222 1413 1256 quam
1441 1215 1553 1256 poeta,
1580 1212 1609 1246 si

204 1268 373 1304 concisius
399 1268 494 1313 loqui
514 1268 691 1319 voluisset,
718 1269 831 1304 verbis
858 1271 1005 1304 aeternis
1031 1269 1185 1304 versibus
1208 1271 1350 1316 exponit
1367 1269 1421 1304 vel
1439 1283 1470 1304 α.
1491 1283 1520 1304 v.
1541 1271 1611 1305 edit

204 1327 286 1363 solis
316 1328 496 1362 enuntiare
530 1328 653 1373 potuit.
710 1328 825 1363 Edere
858 1328 949 1363 enim
982 1328 1179 1374 exponendi
1218 1327 1469 1372 significatione
1504 1329 1607 1363 etiam

202 1385 248 1421 IV
278 1386 363 1430 178,
391 1386 461 1422 906
486 1386 603 1421 multis
628 1386 782 1421 versibus
808 1387 908 1422 edam
934 1386 1125 1421 adhibitum
1159 1387 1353 1422 invenimus
1386 1390 1421 1422 et
1452 1387 1609 1423 conferre

203 1445 321 1482 licebit
346 1444 428 1480 Hor.
450 1443 520 1480 Sat.
541 1444 581 1480 II.
602 1445 637 1490 5,
664 1446 708 1481 61
738 1448 771 1480 et
797 1445 867 1482 Cic.
895 1447 937 1482 (16
963 1444 1068 1490 Legg.
1094 1445 1151 1481 ΙΙΙ.
1172 1446 1230 1491 20,
1264 1447 1310 1481 47
1339 1448 1437 1494 apud
1462 1448 1608 1492 eosdem,

205 1508 268 1553 qui
291 1507 498 1552 maqistratu
525 1505 683 1548 abierint,
712 1506 815 1540 edant
840 1512 870 1540 et
895 1512 1080 1552 exponant,
1108 1507 1195 1552 quid
1218 1507 1256 1540 in
1273 1508 1481 1552 mayistratu
1495 1519 1609 1553 90880-

205 1568 285 1601 rint.
331 1564 556 1610 Participium
586 1567 698 1599 autem
726 1575 933 1610 quamquam
960 1564 1092 1599 nullum
1120 1564 1218 1600 addit
1244 1565 1435 1600 sententiae
1462 1565 1608 1611 pondus,

207 1628 323 1660 tamen
357 1625 386 1659 is
420 1634 488 1658 non
521 1623 636 1669 inepte
670 1624 819 1669 positum
853 1634 927 1658 esse
959 1623 1135 1668 intelleget
1167 1624 1224 1669 qui
1257 1624 1487 1659 considerabit
1518 1624 1608 1669 quod

205 1683 310 1719 simili
337 1682 518 1719 verborum
546 1682 769 1718 collocatione
802 1683 1026 1730 compositum
1055 1686 1107 1718 est
1141 1682 1185 1718 VI
1213 1684 1284 1719 334
1316 1681 1477 1730 (fulmen)
1508 1684 1611 1719 celeri

205 1744 299 1779 volat
322 1745 446 1789 impete
472 1743 603 1786 labens,
637 1753 725 1787 quae
760 1743 862 1777 verba
888 1754 988 1777 nemo
1020 1742 1069 1778 sic
1096 1743 1221 1789 poterit
1254 1742 1470 1787 intellegere:
1504 1744 1607 1786 volat,

207 1803 309 1838 celeri
331 1803 455 1849 impete
481 1800 597 1836 labens
629 1798 686 1845 (cf.
712 1799 726 1836 I
757 1802 849 1837 1004
884 1800 942 1836 ubi
975 1801 1057 1836 item
1090 1800 1227 1836 labendi
1261 1801 1401 1836 verbum
1436 1801 1477 1837 de
1508 1801 1608 1837 celeri

205 1861 387 1897 fulminum
420 1871 522 1896 cursu
553 1860 681 1895 dictum
709 1863 761 1895 est
788 1863 822 1895 et
850 1859 894 1894 VI
922 1862 1011 1905 324,
1046 1858 1133 1906 328)
1159 1864 1193 1895 et
1220 1864 1299 1896 sunt
1325 1864 1503 1906 praeterea
1529 1861 1608 1906 alia,

207 1931 295 1966 quae
321 1919 386 1954 huc
411 1918 594 1954 manifesto
622 1918 816 1964 pertinent:
845 1917 889 1960 VI,
916 1919 987 1955 516
1016 1932 1094 1954 cera
1112 1919 1284 1954 tabescens
1307 1920 1415 1955 multa
1434 1921 1607 1966 liquescat.

207 1979 353 2015 Interest
378 1989 460 2014 sane
487 1977 617 2023 aliquid
643 1977 734 2012 inter
761 1977 846 2012 haec
871 1977 938 2012 duo
965 1978 1070 2013 verba
1097 1981 1131 2013 et
1157 1978 1251 2013 aliud
1284 1977 1453 2022 significat
1479 1978 1610 2023 Vergili

207 2049 326 2074 versus
353 2038 388 2072 in
414 2036 531 2081 Eclog.
558 2037 578 2071 8
606 2048 636 2071 V.
664 2034 772 2082 79s'80
804 2049 883 2071 cera
910 2037 1068 2083 liquescit
1101 2037 1174 2072 Uno
1209 2038 1389 2084 eodemque
1420 2040 1499 2084 iyni
1528 2037 1609 2084 (quo

207 2098 310 2134 limus
337 2097 500 2140 durescit)
534 2095 627 2130 aliud
655 2095 815 2140 Ovidius,
848 2106 924 2130 cum
958 2095 1001 2130 de
1026 2106 1106 2130 cera
1132 2095 1220 2130 Icari
1252 2106 1441 2141 pennarum
1473 2096 1611 2132 vinculo

208 2157 301 2193 dicat
326 2157 360 2192 in
387 2155 467 2192 Met.
489 2155 565 2190 VIII
593 2155 661 2190 227
689 2154 872 2190 tabuerant
896 2166 1006 2198 cerae3
1034 2165 1114 2189 nam
1142 2154 1201 2189 illo
1228 2154 1301 2189 1000
1328 2165 1414 2199 (11136
1441 2155 1527 2190 dura
1560 2159 1613 2191 est

209 2228 289 2254 cera
312 2215 444 2263 liquida
469 2215 522 2259 fit,
561 2215 624 2250 hoc
659 2226 745 2261 quae
778 2217 880 2250 antea
911 2224 989 2249 cera
1020 2213 1134 2249 fuerat
1165 2217 1237 2249 tum
1270 2213 1339 2249 sole
1375 2213 1488 2249 mollis
1521 2215 1613 2251 facta

210 2276 359 2312 evanuit.
418 2275 528 2311 Simul
562 2278 675 2310 autem
710 2277 854 2320 apparet
885 2273 976 2308 idem
1007 2273 1080 2309 fere
1106 2272 1175 2308 illis
1208 2273 1320 2308 verbis
1347 2272 1435 2308 effici
1462 2277 1497 2309 et
1523 2275 1614 2320 quod

309 2408 330 2444 ¹)
352 2408 388 2436 In
409 2407 466 2437 1130
486 2416 518 2437 re
539 2415 648 2444 magna
668 2415 736 2435 cum
758 2406 884 2435 utilitate
910 2406 993 2442 leges
1018 2413 1096 2442 quae
1122 2404 1159 2433 de
1180 2404 1246 2433 Livi
1272 2405 1440 2435 elocutione
1462 2406 1614 2435 Vahlenus

211 2465 248 2485 ea
268 2464 327 2492 qna
348 2456 458 2484 assolet
473 2456 626 2484 doctrinae
642 2455 792 2491 elegantia
812 2453 983 2483 observavit
997 2453 1027 2482 in
1041 2453 1138 2481 indice
1152 2453 1313 2481 lectionum
1330 2463 1355 2482 a.
1376 2455 1498 2489 1876s77
1513 2463 1540 2490 p.
1557 2455 1613 2489 5l6.
