1835 2765
916 43 962 78 28

230 142 268 174 in
295 147 463 186 promptu
494 140 785 187 manifestumque
819 154 889 176 esse
914 142 1068 175 videmus
1096 141 1151 183 (of.
1179 152 1210 174 v.
1239 138 1346 184 246),
1380 140 1411 174 Π
1439 142 1511 176 919
1537 148 1640 188 atque

230 199 401 232 animalia
430 200 501 233 sint
525 200 732 234 mortalibus
758 213 830 234 una
856 202 1058 246 eademque,
1093 199 1140 234 III
1166 200 1238 233 424
1266 206 1434 245 quatenus
1460 206 1509 233 est
1533 212 1641 233 unum

229 259 319 291 inter
352 269 387 291 se
418 259 670 305 coniunctaque
701 271 755 293 res
781 266 847 303 est,
882 259 912 294 ΙΙ
943 259 1034 294 1078
1062 255 1148 303 (res)
1174 260 1279 293 unica
1305 269 1394 304 quae
1415 259 1586 304 yiqnatur
1610 264 1642 292 et

228 317 335 350 unica
359 317 503 363 solaque
530 325 660 353 creseat
685 321 787 363 atque
813 318 974 353 similiter
1000 330 1054 353 res
1073 337 1119 341 ——
1137 331 1210 352 una
1230 336 1273 341 —
1293 317 1436 363 solaque
1458 316 1492 350 in
1518 315 1637 351 Horat.

229 374 329 420 epist.
358 374 383 409 Ι.
412 377 450 420 6,
483 374 550 422 112,
579 380 759 422 praeterea
786 376 833 411 ΙΙΙ
862 378 930 413 196
958 390 1048 412 aura
1075 397 1119 401 ——
1148 389 1316 424 suspensa
1348 376 1499 422 levisque
1524 375 1558 409 id
1584 377 1641 409 est

228 446 319 468 aura
346 437 506 481 quamvis
533 437 616 470 levis
643 439 681 469 ut
707 435 791 469 dicit
817 435 830 470 I
849 437 921 470 434
940 443 1050 470 tactus
1070 455 1114 459 —-
1136 437 1294 482 quamvis
1313 436 1394 470 levis
1413 436 1637 480 exiquusque,

228 491 275 527 Ill
294 494 365 529 958
397 502 476 529 ante
509 494 623 538 Quam
656 501 755 528 satur
787 508 829 528 ac
852 495 976 540 plenus
997 497 1115 541 possis
1142 496 1316 530 discedere
1339 507 1467 538 rerum,
1495 492 1542 528 III
1570 493 1640 527 785

231 551 257 583 V
290 553 353 586 131
386 559 513 587 certum
538 565 579 586 ac
605 553 845 599 dispositumst
871 552 1156 597 (festbestimmt),
1183 553 1246 587 ubi
1270 554 1439 600 quicquid
1464 558 1592 587 crescat
1610 558 1641 586 et

227 612 314 646 insit
339 611 380 645 ef.
403 610 448 645 III
469 608 597 651 792l93
626 610 653 644 V
682 608 822 654 138J39‚
851 610 880 645 V
898 611 943 645 97
971 624 1026 646 res
1051 624 1142 646 nova
1168 613 1328 659 miraque
1353 613 1469 655 menti,
1497 610 1543 645 IV
1568 611 1639 646 264

229 672 403 716 tanqimus
429 678 615 705 eatremum
640 673 721 706 sami
737 684 975 717 summumque
1000 672 1148 706 colorem
1166 671 1235 713 (die
1253 671 1514 707 allerausserste
1533 670 1639 706 Ober-

228 727 362 772 flaolie),
391 728 418 763 V
438 729 510 764 590
536 742 606 764 esse
631 731 685 764 vel
710 732 837 777 eoeiyua
862 732 1007 765 maioris
1032 738 1135 777 parte
1161 731 1323 777 brevique
1348 741 1425 765 oum
1449 731 1480 764 vi
1501 729 1640 776 opposi—

228 792 300 822 tum
332 788 552 833 praecedenti
578 802 754 836 perquam
781 791 946 837 pauxillo
977 810 1017 813 -—
1047 792 1197 825 minores
1228 802 1309 834 esse,
1337 800 1399 825 nec
1427 789 1562 824 diversa
1589 791 1641 824 est

228 847 316 880 ratio
343 846 387 881 Vl
416 848 481 881 651
516 860 622 893 quam
647 850 708 889 sit⁸
713 850 870 894 parvula
890 862 980 895 pars
1008 856 1039 883 et
1064 861 1169 894 quam
1193 850 1386 883 multesima
1413 855 1540 883 constet
1569 846 1638 892 (ein

229 905 292 939 wie
320 905 607 941 versohwindend
634 907 769 942 kleiner
796 907 869 942 Teil
897 919 933 942 er
960 908 1029 950 ist).
1075 907 1206 942 Similis
1225 907 1372 953 denique
1390 918 1446 942 res
1465 911 1517 942 est
1535 907 1637 941 etiam

226 964 275 998 eis
302 964 400 1009 loeis,
428 965 485 999 ubi
514 969 552 999 ut
579 966 612 1000 in
641 977 690 999 vs.
706 966 751 1000 ΙΙΙ
774 968 845 1000 466
873 967 982 1000 altum
1000 967 1256 1012 Aeternumque
1271 979 1429 1013 soporem
1448 969 1481 1000 et
1500 965 1544 999 VI
1568 967 1640 1000 552

224 1025 263 1058 in
288 1036 436 1071 maynas
464 1028 577 1071 aquae
602 1032 786 1071 vastasque
814 1026 959 1059 lucunas
986 1025 1186 1071 posterioris
1214 1025 1392 1069 adiectivi,
1419 1035 1495 1059 eum
1521 1036 1582 1070 per
1605 1036 1640 1059 se

225 1082 349 1117 fortior
367 1083 424 1127 sit,
448 1084 542 1117 notio
562 1084 676 1129 priore
695 1084 892 1127 adiuvatur,
917 1095 1126 1129 quamquam
1146 1084 1179 1118 id
1200 1083 1307 1118 altero
1326 1084 1399 1118 loco
1416 1082 1639 1128 Wakefieldo,

225 1145 265 1176 ut
284 1141 419 1177 ‘lectori
445 1140 584 1188 lepido’,
615 1143 713 1177 valde
740 1142 929 1188 displicuit,
956 1142 1046 1188 quod
1075 1142 1164 1176 idem
1193 1146 1307 1176 tamen
1332 1142 1371 1176 fit
1398 1142 1499 1178 1736
1527 1142 1555 1176 V
1580 1144 1639 1186 52,

226 1200 256 1235 II
276 1202 348 1236 644
375 1202 408 1235 in
438 1201 611 1236 adverbiis
638 1202 719 1236 bene
746 1215 788 1236 ac
814 1203 981 1236 divinitus
1009 1204 1043 1236 et
1069 1201 1150 1236 bene
1177 1208 1208 1236 et
1234 1203 1356 1236 eoeimie
1382 1201 1583 1236 coniunctis.

323 1259 508 1295 Praeterea
539 1263 653 1295 autem
688 1261 765 1295 aliis
798 1260 881 1295 loeis
919 1263 1019 1306 poeta
1047 1260 1132 1295 duas
1160 1271 1260 1295 voces
1286 1260 1377 1296 idem
1408 1261 1560 1296 valentes
1592 1261 1640 1295 sio

225 1319 402 1365 copulavit
429 1323 481 1364 ut,
515 1331 724 1365 quamquam
753 1321 818 1354 dici
847 1331 914 1354 non
943 1323 1058 1365 potest
1084 1320 1275 1354 sententiae
1302 1320 1372 1354 vim
1400 1321 1497 1365 quasi
1526 1319 1640 1365 dupli-

224 1380 313 1422 cari,
350 1383 465 1414 tamen
493 1390 590 1423 eam,
623 1390 710 1424 quae
736 1379 827 1414 inest
853 1381 887 1413 in
915 1379 1029 1414 verbis
1057 1378 1278 1423 significatio,
1306 1379 1464 1423 graviore
1492 1379 1637 1424 quodam

224 1450 308 1473 sono
348 1439 521 1473 enuntiari
558 1438 757 1472 sentiamus.
823 1438 1087 1482 Nonnumquam
1123 1437 1322 1473 Lucretium
1355 1438 1415 1472 has
1455 1449 1555 1472 voees
1591 1438 1640 1472 sic

223 1497 381 1543 posuisse
415 1497 570 1531 videmus
599 1502 653 1540 ut,
687 1496 776 1541 quod
804 1497 872 1531 iam
901 1497 1014 1540 priore
1041 1496 1116 1531 loeo
1145 1497 1305 1542 exposui,
1341 1496 1449 1531 altera
1476 1497 1511 1531 in
1538 1496 1637 1531 initio

222 1568 343 1592 versus
383 1556 482 1591 alteri
525 1557 559 1591 in
592 1556 686 1591 exitu
721 1555 908 1591 collocatae
940 1556 1188 1602 respondente,
1226 1556 1301 1602 ipso
1334 1566 1434 1601 quem
1470 1556 1506 1590 in
1540 1567 1640 1591 versu

221 1616 378 1651 obtinent
404 1616 479 1650 loeo
509 1616 681 1650 sententia
708 1616 893 1650 verborum
923 1616 1033 1659 magis
1061 1616 1221 1650 emineat.
1271 1615 1365 1650 Haec
1392 1615 1474 1649 mihi
1504 1616 1640 1650 videtui·

220 1675 308 1711 ratio
343 1675 395 1710 his
429 1674 529 1710 locis:
564 1675 578 1711 I
601 1676 664 1711 171
702 1677 863 1711 materies
890 1675 952 1710 ubi
983 1677 1073 1711 inest
1098 1677 1263 1722 cuiusque
1290 1682 1321 1710 et
1347 1688 1496 1723 corpora
1521 1677 1639 1723 prima

221 1736 277 1778 (cf.
307 1735 436 1779 1501),
469 1735 514 1769 Vl
537 1736 608 1769 447
638 1736 788 1770 turbinis
819 1737 1005 1769 immanem
1031 1737 1099 1770 vim
1120 1737 1300 1781 provomit
1325 1742 1428 1781 atque
1452 1736 1637 1781 procellae,

219 1795 278 1829 ubi
306 1793 457 1839 procella
485 1793 602 1827 addita
629 1794 680 1827 vis
708 1793 857 1827 turbinis
884 1793 1047 1827 immanis
1076 1793 1199 1827 melius
1227 1793 1434 1838 illustratur,
1462 1804 1539 1828 cum
1561 1793 1638 1828 aliis

218 1853 303 1889 loeis
332 1852 504 1899 procellae
532 1864 552 1887 a
577 1852 775 1888 turbinibus
803 1856 841 1888 ut
867 1853 1047 1898 proprium
1076 1856 1257 1888 ventorum
1286 1864 1393 1896 genus
1421 1853 1638 1897 distinguan-

219 1917 296 1956 tur,
329 1916 367 1946 ut
399 1923 419 1946 a
451 1911 616 1946 Cicerone
650 1912 684 1945 in
722 1911 810 1945 libro
838 1911 879 1945 de
905 1915 976 1946 nat.
1004 1911 1097 1946 deor.
1125 1911 1219 1946 1110.
1240 1913 1298 1956 20,
1318 1913 1362 1946 51
1393 1925 1473 1958 erqo
1501 1913 1639 1950 imbres,

218 1971 343 2013 nimbi,
378 1970 576 2017 procellae,
617 1969 769 2004 turbines
802 1971 859 2004 dei
884 1971 1059 2016 putandi;
1099 1970 1223 2005 deinde
1258 1969 1302 2005 VI
1334 1971 1404 2005 566
1441 1968 1637 2016 (mundum)

219 2031 357 2066 exitiale
390 2030 539 2077 aliquod
564 2036 697 2076 tempus
725 2029 923 2077 clademque
947 2042 1104 2077 manere,
1137 2029 1219 2064 item
1247 2030 1281 2064 in
1310 2029 1362 2065 his
1391 2030 1636 2065 adiectivorum

220 2090 402 2136 exemplis:
448 2090 559 2125 1646
597 2102 638 2124 eoe
674 2102 743 2124 uno
773 2091 806 2124 si
838 2097 918 2139 sunt
948 2092 1026 2136 iqni
1054 2102 1216 2136 puroque
1250 2097 1384 2125 creatae
1418 2088 1475 2134 (cf.
1513 2089 1542 2124 II
1569 2091 1636 2125 777

220 2162 325 2183 unum
349 2161 548 2195 purumque
573 2150 733 2192 nitorem,
764 2149 833 2184 782
860 2149 931 2184 alio
960 2150 997 2183 in
1025 2150 1147 2194 quovis
1175 2161 1243 2183 uno
1270 2161 1430 2194 puroque
1454 2150 1579 2193 nitore,
1608 2149 1636 2182 V

221 2208 291 2241 448
314 2210 403 2254 puri
427 2210 616 2254 secretique
642 2208 788 2242 aetheris
815 2205 933 2255 iynis),
964 2207 977 2241 Ι
998 2208 1068 2242 759
1097 2208 1220 2242 deinde
1247 2208 1391 2242 inimica
1417 2208 1529 2242 modis
1547 2209 1636 2243 mul-

222 2268 266 2300 tis
298 2275 377 2301 sunt
409 2275 511 2313 atque
543 2279 689 2309 veneno,
725 2267 826 2302 1957
856 2280 903 2301 an
930 2268 1133 2300 immensum
1157 2273 1276 2312 pateat
1301 2273 1461 2312 vasteque
1481 2267 1636 2313 profun-

220 2326 315 2369 dum,
345 2324 438 2360 1146
467 2333 538 2361 tum
565 2339 713 2361 vacuum
735 2333 856 2373 pectus
884 2326 1018 2360 lincunt
1045 2337 1198 2371 curaque
1222 2325 1371 2360 solutum
1389 2336 1465 2359 oum
1485 2325 1637 2372 prolepsi

220 2384 370 2428 dictum,
412 2384 457 2418 ΙΙΙ
483 2387 554 2421 950
593 2387 767 2433 qrandior
801 2387 856 2421 hic
889 2398 968 2420 vero
1001 2386 1034 2418 si
1063 2386 1134 2418 iam
1167 2386 1349 2431 seniorque
1383 2393 1567 2431 queratur,
1608 2386 1635 2420 V

223 2443 353 2485 158s59
382 2456 468 2489 opus
496 2446 611 2479 divom
638 2446 785 2480 laudare
814 2464 855 2468 -—
886 2445 1143 2489 Aeternumque
1166 2451 1296 2490 putare
1318 2450 1421 2490 atque
1443 2445 1637 2480 immortale
