1835 2765
863 40 910 77 72

179 141 286 177 sentis
319 139 438 176 eadem
478 139 551 175 fere
583 138 617 175 vi
649 139 778 175 mutari
812 139 969 176 videmus
1001 139 1096 176 velut
1127 140 1162 175 in
1197 151 1227 175 v.
1253 138 1301 174 ΙΙῙ
1329 140 1400 175 780
1431 148 1469 176 ut
1501 153 1589 188 quae

174 202 296 248 prima
326 200 449 235 volans
481 200 659 234 advenerit
693 197 768 244 (ubi
800 210 862 234 nos
888 200 1034 235 dicimus
1059 198 1341 244 ‘herangeflogen
1368 198 1516 234 kommt²
1546 201 1587 235 cf.

177 259 264 295 Aen.
285 258 332 294 VI
361 259 427 294 191
457 259 634 294 columbae
659 279 705 284 —
730 271 851 294 venere
876 256 1044 304 volantes)
1072 262 1105 294 et
1123 258 1168 294 VI
1187 259 1244 304 87,
1273 260 1343 295 383
1361 260 1452 294 unde
1469 260 1612 300 volana⁴

176 320 271 363 iqnis
291 320 492 364 pervenerit
518 317 652 352 collatis
680 317 835 352 versibus
855 318 900 352 Vl
918 316 1051 363 451f52
1070 319 1131 353 ubi
1147 331 1297 365 corpora
1313 319 1422 353 multa
1440 319 1589 353 volando

178 376 257 412 Hoc
282 388 408 423 supero
435 378 473 411 in
501 377 589 412 caeli
613 377 727 423 spatio
755 378 865 412 coie're
890 383 1027 424 repente
1052 374 1100 422 (h.
1122 387 1149 411 0.
1175 378 1213 412 z'n
1238 390 1344 412 unum
1371 377 1481 412 locum
1508 389 1589 412 con-

177 433 352 481 volavere)
385 438 420 471 et
446 436 641 481 comparari
667 436 796 482 poterit
822 435 907 470 illud
941 437 1091 482 riyaozdo
1120 437 1288 483 compleat
1313 446 1388 471 cum
1417 435 1530 471 verbis
1558 448 1589 471 v.

179 493 211 528 ΙΙ
243 494 311 530 148
340 497 528 530 convestire
559 508 624 529 sua
647 495 863 541 perfundens
897 497 1014 529 omnia
1042 495 1124 529 luce.
1177 494 1231 529 Ex
1258 494 1310 529 his
1338 494 1444 539 igitur
1469 506 1591 539 gerun-

179 553 274 588 dium
302 554 478 600 participii
506 553 698 599 praesentis
725 552 837 587 locum
866 553 1022 588 obtinere
1049 554 1302 599 cognoscimus,
1329 554 1396 589 nisi
1424 553 1515 599 quod
1534 565 1591 598 ge-

180 612 355 658 rundium,
382 623 457 648 cum
486 612 598 647 rarior
624 612 670 647 sit
696 611 769 646 eius
797 622 879 646 usus
908 614 942 646 et
968 614 1148 658 poetarum
1168 613 1343 658 proprius,
1370 612 1591 658 elegantioris

181 682 264 707 sane
298 675 331 707 ct
357 682 436 706 vere
469 671 624 717 poeticae
651 670 854 706 elocutionis
881 670 1031 716 speciem
1060 670 1215 716 praebet,
1249 682 1315 717 quo
1343 672 1462 708 eodem
1492 675 1592 718 poeta

182 734 375 777 opportune
408 730 457 765 eis
490 729 575 765 locis
602 730 652 764 uti
679 732 832 775 poterat,
865 729 922 765 ubi
959 730 1134 777 participii
1163 730 1356 776 praesentis
1384 742 1465 766 usus
1491 731 1593 766 metri

182 788 385 825 difficultate
410 788 677 836 impediebatur.

662 887 833 929 CAPUT
874 887 1120 937 QUINTUM.

279 965 354 1010 Hac
385 966 586 1011 quaestione
614 966 857 1012 progrediente
889 966 931 1001 ad
958 966 1132 1012 participii
1162 966 1329 1002 rationem
1364 966 1502 1002 deducti
1535 978 1592 1002 su-

181 1036 271 1070 mus,
297 1025 395 1060 cuius
413 1036 497 1061 usus
517 1025 696 1061 abundans
723 1025 873 1060 maxime
892 1025 973 1059 mihi
994 1024 1117 1070 dignus
1137 1025 1273 1060 videtur
1291 1036 1391 1071 quem
1411 1026 1594 1071 diligenter

183 1084 408 1121 observemus
435 1087 470 1119 et
496 1087 656 1120 accurate
688 1087 885 1119 tractemus.
939 1083 1027 1119 Sunt
1053 1084 1143 1119 enim
1171 1084 1225 1119 hic
1252 1084 1362 1120 multa
1388 1095 1475 1131 quae
1501 1085 1593 1120 viros

183 1144 303 1180 doctos
330 1143 536 1180 offenderint
562 1147 596 1180 et
628 1154 715 1190 quae
742 1142 914 1179 offendere
941 1142 1086 1189 possint,
1118 1143 1185 1179 nisi
1213 1147 1285 1180 tota
1310 1143 1404 1180 illius
1431 1155 1512 1180 usus
1538 1155 1594 1180 ra-

183 1205 278 1239 tione
304 1206 462 1239 accurate
481 1204 639 1249 exposita
657 1207 690 1238 et
708 1203 810 1249 plena
829 1203 902 1238 eius
922 1203 1070 1247 imagine
1090 1203 1197 1238 oculis
1216 1204 1370 1239 subiecta
1386 1204 1593 1240 refutantur.

184 1261 371 1298 Latissime
397 1265 509 1297 autem
537 1265 633 1308 patet
652 1261 705 1296 hic
734 1272 815 1296 usus
833 1260 925 1307 apud
951 1261 1064 1307 ipsum
1084 1260 1285 1297 Lucretium
1305 1266 1407 1308 atque
1426 1263 1593 1309 exemplis

184 1322 235 1356 ita
261 1321 455 1356 illustratur
482 1324 516 1356 et
544 1320 719 1367 probatur,
748 1326 786 1355 ut
812 1331 854 1355 ex
881 1319 983 1355 huius
1010 1324 1133 1366 poetae
1161 1321 1298 1368 scriptis
1326 1321 1437 1367 qualis
1464 1321 1522 1357 ille
1549 1322 1595 1357 sit

186 1383 220 1415 et
251 1391 352 1426 quam
386 1380 501 1414 varius
534 1379 618 1415 satis
650 1379 811 1424 cognosci
837 1382 871 1414 et
897 1379 1048 1425 perspici
1086 1380 1206 1426 possit.
1260 1379 1332 1415 Iam
1360 1380 1594 1427 explicaturus

185 1438 277 1474 illius
304 1438 478 1485 participii
505 1437 609 1474 verbo
635 1438 732 1473 finito
760 1437 895 1473 abunde
922 1438 1073 1485 appositi
1101 1438 1270 1474 rationem
1291 1459 1335 1464 —
1356 1451 1435 1475 nam
1464 1440 1506 1476 de
1532 1440 1596 1476 hoc

185 1498 315 1533 scilicet
340 1498 539 1544 pleonasmo
567 1497 717 1532 maxime
744 1497 858 1541 agitur
884 1517 931 1520 —
958 1508 978 1531 a
1004 1498 1179 1543 participii
1207 1498 1400 1543 praesentis
1427 1499 1595 1545 exemplis

183 1556 366 1604 incipiam,
399 1568 417 1593 e
452 1557 576 1603 quibus
608 1556 707 1592 nobis
741 1556 923 1591 manifesto
951 1556 1103 1591 ostendit
1128 1557 1298 1593 rationem
1327 1557 1412 1593 v.11
1439 1559 1509 1594 318
1537 1557 1596 1594 ubi

185 1619 287 1662 poeta
313 1627 393 1651 oves
421 1620 558 1662 reptare
585 1616 669 1651 dicit
696 1628 762 1663 quo
791 1628 964 1662 quamque
990 1623 1147 1651 vocantes
1173 1617 1331 1652 Invitant
1355 1617 1478 1653 herbae
1500 1631 1595 1665 qem-

183 1683 314 1712 mantes
346 1689 425 1712 rore
455 1677 590 1712 recenti.
644 1675 718 1711 Hoc
749 1675 823 1711 loco
859 1674 1079 1721 participium
1114 1674 1200 1711 nihil
1231 1679 1291 1711 aut
1322 1676 1403 1711 novi
1429 1677 1596 1713 momenti

185 1736 376 1771 sententiae
404 1740 464 1771 aut
490 1736 637 1781 denique
664 1735 828 1781 ponderis
856 1735 979 1769 afferre
1007 1738 1153 1781 apparet
1178 1746 1239 1770 nec
1258 1737 1440 1781 quicquam
1460 1736 1595 1772 deside-

184 1798 332 1839 raretur,
360 1795 389 1830 si
414 1802 539 1830 vocant
565 1794 618 1830 vel
643 1796 795 1830 invitant
812 1793 921 1828 solum
942 1797 1043 1840 poeta
1062 1794 1268 1840 scripsisset,
1296 1795 1362 1830 nisi
1382 1795 1472 1841 quod
1490 1795 1595 1831 etiam

184 1857 223 1890 ut
248 1854 284 1889 in
312 1867 343 1890 v.
364 1853 394 1889 V
423 1855 496 1890 524
523 1853 628 1889 verba
655 1853 715 1889 illa
742 1853 844 1900 plane
863 1864 1053 1899 synonyma
1080 1854 1287 1899 coniungere
1314 1854 1438 1900 potuit,
1465 1854 1597 1891 scilicet

184 1924 253 1948 non
286 1923 328 1948 ea
358 1924 460 1958 quam
493 1912 796 1947 Bockemuellerus
828 1912 985 1947 adhibuit
1012 1913 1157 1957 ratione,
1185 1914 1243 1958 qui
1261 1921 1384 1948 vocant
1402 1920 1432 1949 et
1447 1915 1598 1949 invitant

185 1975 323 2020 poetam
352 1971 533 2018 scripsisse
561 1974 657 2007 ratus
685 1971 887 2017 particulam
922 1978 954 2006 et
979 1971 1068 2006 male
1095 1972 1129 2006 in
1157 1971 1223 2007 fine
1251 1972 1441 2008 hexametri
1468 1973 1594 2019 posuit.

186 2031 255 2067 Sed
282 2034 374 2067 certe
402 2031 486 2066 haec
512 2033 585 2066 tota
612 2030 787 2077 participii
822 2031 912 2066 ratio
940 2030 975 2065 in
1004 2033 1106 2076 poeta
1131 2042 1200 2065 non
1227 2030 1369 2067 offendit
1395 2035 1428 2067 et
1451 2027 1596 2078 ¹partici-

185 2091 281 2137 pium
309 2091 344 2125 in
373 2091 470 2125 exitu
497 2101 618 2125 versus
646 2090 795 2135 positum
824 2090 866 2124 ad
895 2089 1038 2125 verbum
1065 2092 1216 2125 invitant
1241 2091 1275 2125 in
1303 2091 1402 2125 initio
1421 2090 1596 2136 sequentis

186 2161 305 2185 versus
332 2149 536 2185 collocatum
564 2149 677 2195 lepide
704 2161 765 2185 nos
792 2149 998 2194 transducit,
1027 2160 1128 2195 quam
1156 2150 1325 2185 rationem
1353 2161 1416 2196 par
1434 2160 1594 2185 versuum

189 2209 296 2245 artius
327 2209 510 2256 copulandi
539 2213 641 2244 antea
672 2210 739 2244 iam
772 2209 882 2253 attigi.
943 2209 1014 2245 Nos
1048 2209 1186 2255 quidem
1213 2209 1248 2244 in
1275 2209 1338 2244 hoc
1365 2211 1399 2244 et
1425 2208 1595 2245 similibus

188 2268 272 2303 locis
290 2269 464 2304 vertendis
490 2269 558 2304 nisi
576 2272 713 2315 poetam
741 2273 922 2315 poetarum
949 2278 1045 2303 more
1070 2268 1200 2303 imitari
1219 2268 1365 2303 velimus
1383 2268 1595 2304 commodius

189 2327 336 2373 simplici
363 2328 466 2364 verbo
494 2331 642 2373 utemur,
670 2327 856 2363 dummodo
884 2338 972 2373 quae
998 2326 1130 2362 lateant
1155 2327 1190 2361 in
1219 2326 1331 2362 verbis
1349 2325 1483 2362 Latinis
1510 2328 1594 2364 artis

187 2387 343 2433 poeticae
369 2388 514 2432 vestigia
540 2399 583 2423 110
602 2387 857 2423 obliviscamur.
878 2407 924 2410 —
951 2386 1110 2421 Alterum
1138 2385 1289 2421 eiusdem
1318 2387 1453 2430 generis
1480 2399 1595 2423 exem-

187 2445 282 2495 plum
312 2449 408 2481 extat
433 2446 468 2481 in
495 2458 526 2483 v.
554 2447 566 2481 Ι
597 2447 686 2491 121,
718 2446 809 2493 quod
841 2445 968 2480 nollem
1000 2444 1243 2479 Lachmannus
1274 2445 1469 2480 coniectura
1502 2446 1593 2481 dele-
