1835 2765
864 55 913 91 60

180 154 298 199 capiat
321 164 377 186 res
408 163 564 198 quaeque
589 152 775 197 movendi,
803 151 850 188 ΙΙΙ
877 153 945 188 331
973 152 1135 200 imple-vie
1160 154 1210 188 ita
1232 154 1425 201 principiis
1456 155 1498 189 ab
1517 157 1588 191 ori-

175 213 256 258 qine
276 212 399 258 prima
425 210 467 245 cf.
493 222 525 246 v.
552 211 641 255 769,
674 210 702 246 V
729 212 814 257 548,
848 213 930 257 676,
958 211 1059 257 Verg.
1086 212 1120 247 in
1151 212 1239 248 Aen.
1262 211 1277 247 I
1303 213 1388 258 372,
1414 212 1477 248 VII
1504 214 1589 260 371,

178 281 280 316 quam
314 269 481 315 originem
516 271 703 319 yenitalem
742 274 845 318 poeta
886 271 969 307 dicit
1003 270 1032 307 V
1068 272 1153 318 171,
1185 271 1275 317 324,
1310 271 1426 317 12103
1466 271 1590 309 deinde

178 328 207 363 V
240 330 312 366 675
349 342 501 377 namque
526 331 589 366 ubi
621 333 671 366 sic
692 331 848 377 fuerunt
878 344 1062 367 causarum
1095 333 1239 367 exordia
1265 333 1388 379 prima
1418 329 1476 378 (cf.
1501 331 1588 367 Aen.

178 388 225 423 IV
252 388 358 433 284),
397 400 487 434 quae
517 392 665 425 exordia
690 392 814 437 prima
847 390 889 426 de
926 390 1115 426 seminibus
1145 390 1237 426 dicta
1268 390 1372 426 etiam
1398 390 1435 425 in
1461 401 1492 425 v.
1518 391 1590 426 380

177 446 256 482 libri
285 446 330 482 ΙΙΙ
356 446 537 494 leguntur,
570 448 600 483 si
635 448 802 484 traditam
835 449 1043 496 scripturam
1076 449 1270 495 sequimur,
1301 459 1412 496 neque
1444 448 1590 485 obscura

178 509 231 542 est
269 506 305 542 in
345 507 500 554 ipsorum
533 507 803 554 primordiorum
838 509 981 544 nominev
1009 508 1129 544 eadem
1162 509 1328 545 orationis
1361 507 1589 552 abundantia3

179 577 258 601 nam
281 568 485 614 primordia
512 566 651 613 proprie
677 569 759 602 sunt
785 568 887 602 ordia
907 569 1047 614 prima,
1076 567 1166 613 quod
1193 569 1221 603 si
1250 579 1335 615 opus
1362 570 1414 604 est
1439 567 1590 613 firmare,

180 625 390 672 perspicitur
423 624 523 660 versu
555 626 600 661 28
635 623 715 660 libri
742 624 788 660 IV
816 637 924 672 quove
958 626 1060 661 modo
1093 627 1263 663 distracta
1295 625 1419 674 (animi
1449 625 1590 674 natura)

179 686 310 720 rediret
337 687 376 719 in
409 685 511 720 ordia
538 686 673 732 prima.
726 683 794 720 Sed
834 684 887 720 his
920 684 1004 720 locis
1037 685 1246 721 adiectivum
1275 689 1416 734 primus
1442 686 1522 723 licet
1547 686 1590 722 ad

180 744 385 780 sententiam
414 743 599 789 redundet,
640 748 756 779 tamen
783 755 850 779 non
879 744 953 780 sine
980 745 1150 789 gravitate
1183 745 1314 781 nomini
1331 746 1511 790 ¹adiectum
1539 748 1592 781 est

180 803 332 849 itemque
359 803 539 848 sentimus,
568 803 659 849 quod
685 801 867 839 Lucretius
895 803 936 839 de
961 806 1114 852 vestiyiis
1138 806 1265 852 primis
1290 804 1337 840 ΙΙΙ
1355 806 1437 851 309,
1465 806 1507 842 de
1532 819 1590 841 eu-

174 875 320 909 premae
351 863 456 898 calcis
489 865 605 910 spatio
639 862 683 898 VI
710 864 775 908 92,
810 863 851 898 de
883 863 985 899 rebus
1018 866 1136 911 prima
1158 865 1282 910 fronte
1314 864 1434 900 locatis
1466 864 1481 900 I
1508 866 1590 910 879,

180 920 233 964 lxi
256 922 321 966 95,
357 922 421 966 69,
453 922 544 967 201,
581 921 623 958 de
661 935 793 958 summo
826 923 939 958 colore
969 922 1122 969 corporis
1153 922 1199 958 IV
1227 924 1293 969 93,
1325 924 1396 959 264
1428 923 1591 969 loquitur,

180 980 349 1017 adiectivo
377 981 495 1017 addito
522 982 673 1018 nominis
700 983 770 1018 vim
798 985 917 1029 aperto
944 982 1086 1018 consilio
1113 986 1236 1029 poetae
1263 983 1380 1028 augeri
1407 986 1442 1019 et
1467 983 1591 1030 ampli-

179 1040 285 1076 ficari.
326 1040 448 1087 Neque
475 1041 576 1077 aliter
602 1042 637 1077 in
664 1053 693 1077 v.
715 1041 729 1076 Ι
756 1043 824 1077 186
850 1055 933 1077 nam
951 1043 1080 1091 fierent
1102 1044 1241 1077 iuvenes
1266 1042 1377 1077 subito
1404 1055 1446 1077 ex
1470 1043 1590 1088 infan-

181 1101 271 1136 tibus
292 1103 420 1148 parvis
448 1103 482 1136 et
507 1112 538 1135 v.
563 1102 654 1136 1106
675 1114 794 1148 parva
818 1102 1007 1147 perductus
1033 1101 1148 1148 opella
1174 1111 1382 1147 quamquam
1414 1101 1450 1136 in
1478 1102 1592 1149 opella

182 1160 278 1195 etin
308 1160 504 1207 infantibus
535 1160 621 1206 ipsis
654 1160 705 1195 vis
738 1160 938 1205 exiguitatis
968 1160 1076 1205 inest,
1112 1163 1228 1195 tamen
1263 1159 1371 1196 altero
1402 1159 1476 1195 loco
1503 1160 1591 1195 mira

183 1230 286 1265 quam
323 1219 423 1265 fingit
453 1222 554 1266 poeta
586 1219 621 1254 in
654 1219 783 1255 semine
816 1219 946 1255 incerto
979 1219 1141 1255 nascendi
1168 1219 1256 1255 ratio
1284 1218 1457 1256 efficacius
1483 1219 1590 1256 oculis

184 1278 361 1325 subicitur,
389 1279 496 1315 altero
525 1290 625 1325 quam
645 1279 746 1315 facile
772 1290 889 1315 rerum
907 1285 1032 1315 natura
1059 1279 1298 1326 perspiciatur,
1326 1279 1354 1315 si
1379 1279 1454 1326 quis
1472 1290 1589 1316 veram

183 1339 351 1374 rationem
380 1343 554 1384 sequatur,
580 1339 719 1383 gravius
747 1339 964 1385 exprimitur.
1008 1338 1097 1374 Aliis
1123 1339 1208 1375 locis
1234 1339 1268 1374 in
1297 1339 1463 1375 adiectivo
1483 1350 1590 1386 appo-

183 1398 250 1433 sito
286 1409 353 1433 non
385 1398 494 1443 magis
527 1398 709 1443 gravitatis
742 1398 923 1434 consilium
958 1410 1059 1445 quam
1092 1399 1253 1443 imaginis
1286 1398 1401 1445 lepide
1433 1398 1589 1445 depictae

181 1457 328 1492 formam
357 1457 558 1493 videbimus.
599 1456 702 1492 Velut
728 1458 818 1503 quod
845 1460 948 1504 poeta
974 1458 1007 1492 in
1027 1469 1076 1493 vs.
1097 1455 1264 1504 1293s94
1290 1457 1355 1493 hoc
1380 1457 1465 1492 dicit
1483 1457 1590 1501 (venti

182 1515 253 1562 res)
279 1518 452 1552 interdum
477 1518 601 1552 vertice
626 1524 714 1552 torto
742 1516 948 1565 Corripiunt
971 1518 1164 1564 rapideque
1188 1519 1321 1552 rotanti
1344 1516 1481 1552 turbine
1501 1529 1589 1564 por-

182 1583 268 1621 tant,
301 1576 336 1611 in
365 1579 455 1611 torto
482 1576 608 1611 vertice
636 1579 775 1622 apertus
803 1579 855 1611 est
882 1576 1102 1622 pleonasmus
1129 1576 1280 1621 itemque
1312 1576 1460 1623 rapidus
1490 1576 1589 1611 turbo

182 1635 374 1671 sententiae
400 1634 635 1670 satisfecisset.
680 1634 809 1670 Tamen
838 1646 937 1669 nemo
964 1634 1105 1679 negabit
1130 1634 1247 1670 eadem
1276 1634 1458 1680 torquendi
1484 1634 1590 1680 signi-

181 1694 341 1731 ficatione
372 1694 510 1741 saepius
543 1706 708 1741 expressa
745 1695 851 1730 totius
891 1694 941 1729 rei
979 1694 1102 1730 faciem
1139 1694 1292 1739 graviter
1332 1697 1366 1730 et
1400 1693 1589 1730 luculenter

182 1754 302 1791 multis
328 1754 397 1790 illis
424 1755 598 1801 variisque
626 1754 740 1791 verbis
759 1765 834 1790 esse
852 1754 1035 1801 depictam.
1074 1752 1258 1790 Praeterea
1275 1753 1456 1789 Lucretius
1484 1753 1589 1789 simili

182 1813 300 1860 lepore
327 1814 431 1850 etiam
450 1815 621 1850 turbinem
638 1821 829 1850 versantem
856 1812 918 1857 (VI
939 1814 1020 1857 126)
1040 1816 1074 1849 et
1090 1813 1345 1849 versabundum
1369 1813 1467 1856 (438)
1492 1813 1590 1849 nobis

182 1874 347 1920 proponit
371 1877 475 1919 atque
501 1880 589 1909 torto
616 1875 741 1908 vertice
767 1872 870 1908 etiam
890 1872 1063 1918 Vergilius
1089 1883 1172 1908 usus
1190 1875 1243 1908 est
1266 1872 1302 1908 in
1321 1872 1408 1908 Aen.
1428 1871 1489 1908 VII
1506 1873 1588 1908 567.

183 1931 344 1968 Ceterum
372 1932 475 1968 talem
504 1931 639 1968 dicendi
667 1932 835 1967 rationem
869 1931 955 1978 ipsis
987 1932 1099 1978 poetis
1125 1931 1295 1978 placuisse
1322 1935 1588 1967 consentaneum

183 1995 246 2029 est.
299 1992 420 2039 Itaque
446 1991 586 2028 Lucreti
618 1993 791 2028 taciturna
821 1992 960 2028 silentia
992 1991 1040 2036 (in
1067 2002 1099 2026 v.
1122 1990 1167 2026 IV
1201 1991 1286 2036 581)
1318 1991 1354 2026 in
1386 1990 1487 2027 Ovidi
1513 1990 1589 2026 Art.

184 2053 261 2087 Am.
291 2051 323 2087 Π
349 2064 381 2087 v.
401 2052 473 2088 505
509 2052 633 2087 iterum
668 2062 846 2087 occurrere
880 2050 1037 2086 videmus
1068 2053 1102 2086 et
1133 2054 1171 2086 ut
1195 2049 1377 2086 Lucretius
1409 2050 1451 2085 de
1482 2052 1591 2085 caecis

185 2111 331 2146 tenebris
358 2109 406 2157 (Π
428 2112 488 2156 55,
518 2111 600 2155 745,
629 2110 711 2155 798,
737 2109 784 2144 ΙΙΙ
803 2111 861 2155 87,
888 2109 935 2144 VI
961 2109 1036 2154 35),
1063 2109 1104 2144 de
1128 2122 1228 2144 caeca
1246 2110 1394 2157 caliqine
1420 2108 1481 2151 (ΙΙΙ
1507 2109 1591 2153 304,

183 2169 230 2205 IV
256 2170 342 2214 454)
375 2169 546 2217 loquitur,
578 2169 628 2205 sic
659 2182 759 2205 caeca
794 2170 907 2217 caliyo
943 2169 1046 2205 etiam
1074 2168 1165 2215 apud
1193 2167 1383 2214 Vergilium
1417 2167 1591 2204 invenitur

185 2227 285 2274 (Aen.
305 2229 353 2265 ΙΙΙ
371 2230 471 2275 203),
497 2228 589 2276 apud
606 2228 779 2265 Catullum
806 2227 880 2275 (64,
908 2227 1012 2273 207);
1039 2228 1123 2263 item
1150 2238 1227 2263 cum
1247 2227 1362 2263 verbis
1379 2237 1499 2263 versus
1517 2226 1550 2262 Π
1568 2228 1589 2263 3

185 2290 338 2325 iucunda
362 2290 524 2338 voluptas
549 2287 672 2325 Munro
699 2292 781 2336 apte
807 2287 942 2325 confert
966 2286 1068 2334 Prop.
1094 2286 1119 2322 I.
1143 2288 1199 2332 10,
1226 2287 1247 2322 3
1275 2299 1293 2322 o
1320 2293 1451 2323 noctem
1474 2288 1592 2323 memi-

185 2349 277 2383 nieee
301 2350 388 2384 mihi
410 2350 564 2384 iucunda
589 2349 749 2396 voluptas
781 2351 815 2383 et
840 2347 975 2383 Aetnae
1000 2357 1137 2381 versum
1166 2347 1234 2381 251
1263 2348 1384 2381 divina
1410 2353 1458 2381 est
1482 2348 1593 2381 animi

186 2414 218 2442 et
242 2408 396 2443 iucunda
420 2408 591 2456 voluptas.
619 2430 666 2436 —
692 2406 827 2443 Deinde
854 2406 907 2441 his
934 2404 1062 2440 similia
1088 2407 1168 2440 sunt
1194 2404 1284 2451 apud
1312 2404 1507 2440 Lucretium
1534 2418 1591 2440 ca-

185 2467 278 2504 lidus
304 2474 415 2503 aestus
443 2466 474 2510 (Ι
501 2465 591 2513 300)
619 2467 672 2502 vel
698 2479 810 2514 vapor
843 2464 890 2512 (II
918 2465 1007 2510 844,
1035 2464 1081 2499 ΙΙΙ
1108 2464 1193 2509 126,
1226 2464 1313 2509 215,
1348 2463 1375 2499 V
1392 2465 1475 2510 567,
1507 2465 1590 2509 594,
