1835 2765
886 83 932 117 68

200 180 283 215 dicit
315 180 329 215 I
354 180 399 215 57
434 193 575 215 rursum
605 181 771 225 resolvat,
806 180 908 216 1557
935 193 1056 215 rursus
1080 180 1192 225 refici,
1227 178 1256 214 Π
1278 180 1365 214 1001
1395 192 1535 214 rursum
1562 200 1604 205 —

199 238 361 273 rellatum
388 260 433 264 —
462 246 648 286 receptant,
676 238 813 275 111846
841 252 979 274 rursum
1011 240 1190 285 redeyerz't,
1219 237 1248 269 V
1267 238 1312 273 86
1339 237 1385 272 IV
1412 238 1458 272 6⁶2
1485 251 1608 272 rursus

199 316 246 320 —
273 298 486 344 referuntur,
516 298 561 334 VI
590 300 658 335 871
686 311 809 334 rursus
837 322 883 325 ——
909 300 1062 343 redeunt,
1091 297 1214 333 deinde
1233 296 1263 332 ΙΙ
1285 298 1354 333 130
1378 304 1537 344 retroque
1553 309 1608 332 re-

192 358 302 404 pulsa
328 360 466 402 reverti,
494 357 614 393 11283
642 366 731 394 retro
758 360 892 402 residit,
920 357 978 404 (cf.
1006 358 1093 393 Aen.
1114 357 1161 392 IX
1179 357 1277 401 539),
1304 356 1335 391 II
1352 357 1424 391 516
1451 364 1610 403 retroque

199 436 245 441 —
276 425 513 461 remensumst,
542 417 572 452 V
591 418 661 454 269
690 417 824 453 V1635
851 425 1010 464 retroque
1034 423 1203 461 remanat,
1230 415 1275 450 IV
1293 412 1423 461 910s11
1452 422 1611 462 retroque

198 497 243 502 —
271 478 478 523 repulsanti,
508 476 552 511 VI
569 478 641 512 573
668 485 826 523 retroque
844 478 984 521 recellit,
1012 476 1157 521 denique
1185 475 1287 511 1785
1313 482 1471 522 retroque
1490 494 1534 499 --
1554 488 1608 510 re-

198 537 287 571 verti
312 536 370 571 ubi
398 535 519 571 Munro
547 538 685 570 vertens
712 538 750 570 in
775 548 908 570 reverse
935 537 1037 570 order
1063 535 1105 570 de
1133 535 1252 570 ordine
1271 535 1406 569 inverso
1426 533 1460 568 id
1479 533 1608 568 dictum

198 594 372 639 intellegit
397 593 453 640 (cf.
483 593 581 629 Ovid.
611 592 690 628 Met.
719 592 781 627 XV
810 591 1008 639 244—51).
1038 613 1082 617 —
1109 606 1231 628 rursus
1258 598 1292 629 et
1317 601 1406 629 retro
1426 593 1610 628 coniuncta

200 657 281 687 sunt
309 653 354 687 lV
380 654 450 688 308
477 659 568 688 retro
594 665 736 687 rursum
760 654 860 687 redit.
902 652 1010 686 Paulo
1038 652 1139 687 aliter
1165 663 1220 687 res
1248 664 1284 688 se
1317 652 1421 688 habet
1445 649 1610 697 1944s45

201 711 247 745 IV
278 709 382 757 19s2o
408 718 568 758 retroque
592 711 720 759 Volyus
747 712 907 746 abhorret
930 712 972 746 ab
990 712 1055 746 hac
1073 709 1134 757 (sc.
1154 711 1302 754 ratione)
1321 712 1377 747 ubi
1398 711 1439 747 de
1458 711 1610 746 discessu

201 781 267 804 non
303 770 345 804 dc
380 770 493 805 reditu
525 771 640 815 agitur
672 773 706 805 et
737 770 864 806 talibus
896 770 980 805 locis
1014 770 1072 805 ubi
1106 770 1258 805 eiusdem
1295 771 1440 805 actionis
1473 770 1609 806 iteratio

201 829 415 872 significatur
442 832 480 863 ut
505 829 539 863 in
568 828 669 864 Ovidi
696 829 779 864 Met.
808 830 854 864 Ill
882 831 953 866 684
980 832 1189 876 redeuntque
1217 850 1260 854 ἢ
1288 843 1422 874 rursus,
1451 841 1538 875 quae
1557 841 1610 864 re-

199 887 372 934 spondent
403 888 518 922 verbis
552 896 797 936 emer-{suntque
836 891 970 924 iterum.
1007 909 1052 912 —-
1087 888 1152 924 Sed
1186 888 1249 923 hoc
1281 888 1471 935 pleonasmi
1503 899 1611 933 genus

200 947 370 993 exemplis
404 947 551 982 aliorum
580 959 716 993 quoque
743 950 950 994 scriptorum
978 949 1063 983 satis
1090 948 1273 994 probatur,
1307 960 1451 993 quorum
1480 959 1520 983 ex
1550 959 1610 982 nu-

198 1017 294 1041 mero
321 1018 448 1050 magno
468 1006 633 1041 nonnulla
652 1007 706 1041 hic
726 1006 847 1042 afferre
866 1007 1083 1053 supersedeo,
1113 1007 1315 1053 praesertim
1336 1018 1412 1041 cum
1433 1007 1488 1052 qui
1510 1006 1610 1052 plura

199 1070 343 1112 quaeret
369 1067 403 1101 in
432 1066 536 1101 Haasi
566 1067 788 1102 adnotatione
815 1069 885 1102 613
912 1066 991 1102 libri
1019 1070 1097 1102 ante
1124 1066 1255 1102 laudati
1274 1078 1331 1101 eos
1349 1066 1441 1102 locos
1459 1066 1517 1102 ubi
1544 1066 1609 1101 viri

200 1126 291 1160 docti
320 1126 362 1160 de
389 1125 452 1159 hac
480 1137 517 1159 re
544 1126 716 1171 copiosius
743 1130 887 1168 egerunt
912 1129 966 1160 sat
992 1126 1118 1160 multos
1145 1125 1287 1160 collatos
1313 1126 1477 1160 inveniat.

301 1184 373 1219 lam
401 1183 484 1218 mihi
503 1194 613 1230 pauca
639 1184 707 1218 alia
727 1184 885 1229 exempla
911 1184 1093 1219 tractanda
1110 1186 1243 1219 restant
1260 1183 1317 1219 ubi
1337 1183 1486 1230 simplici
1505 1184 1608 1220 verbo

201 1243 401 1279 adverbium
431 1243 617 1289 apponitur
644 1244 691 1277 ita
725 1246 839 1278 tamen
873 1246 911 1278 ut
947 1243 997 1278 vis
1030 1244 1102 1278 eius
1137 1243 1240 1279 verbo
1274 1243 1348 1289 ipso
1381 1244 1607 1279 contineatur.

200 1302 464 1346 Nonnumquam
496 1301 557 1335 hoc
587 1300 625 1335 fit
649 1306 768 1347 aperto
792 1301 1032 1336 alliterationis
1057 1301 1182 1347 studio,
1211 1306 1248 1336 ut
1273 1302 1307 1336 in
1335 1302 1418 1336 v.11
1447 1303 1512 1336 141
1546 1316 1610 1350 ap-

198 1368 300 1408 paret
317 1368 433 1408 aperte
450 1360 504 1395 cui
523 1360 650 1395 similia
669 1360 833 1395 nonnulla
860 1372 902 1396 ex
929 1361 1070 1397 comicis
1097 1361 1242 1396 contulit
1259 1360 1410 1396 Naekius
1429 1362 1464 1396 in
1484 1362 1609 1397 disser-

200 1421 329 1455 tatione
356 1420 397 1455 de
425 1420 653 1454 alliteratione
682 1421 849 1455 sermonis
883 1420 998 1455 Latini
1031 1421 1079 1463 (in
1107 1420 1194 1455 Mus.
1221 1420 1326 1455 Rhen.
1356 1422 1448 1455 1829
1481 1432 1513 1467 p.
1538 1422 1609 1456 324

201 1477 346 1524 --418)
379 1491 410 1525 p.
436 1480 524 1523 330,
558 1478 651 1514 velut
678 1492 831 1527 propere
861 1492 1032 1527 properas
1058 1479 1160 1514 Plaut
1186 1478 1285 1515 Curc.
1310 1479 1365 1514 IV.
1391 1481 1424 1525 3,
1453 1481 1488 1525 3,
1514 1479 1554 1515 V.
1575 1481 1608 1525 3,

202 1540 256 1583 10,
285 1541 413 1573 cursim
441 1551 577 1573 currere
603 1538 726 1573 Pseud.
747 1539 771 1573 Ι.
793 1541 826 1583 3,
857 1540 938 1583 124,
966 1541 1075 1575 nitide
1100 1542 1185 1574 m'tet
1202 1539 1302 1573 Truc.
1322 1538 1365 1573 II.
1384 1540 1417 1583 4,
1446 1540 1467 1574 3
1486 1541 1610 1586 cupide

198 1599 295 1644 cupis
323 1596 401 1632 Cas.
422 1597 463 1631 ΙΙ.
489 1598 523 1641 3,
557 1598 604 1631 49
634 1597 689 1640 (cf.
714 1596 818 1632 Ennii
846 1598 947 1641 Trag.
967 1597 1039 1632 rell.
1061 1609 1092 1632 V.
1117 1598 1187 1632 337
1223 1599 1285 1644 qm·
1317 1599 1434 1644 cupita
1467 1600 1608 1644 cupiens

198 1659 375 1704 cupienter
401 1658 527 1703 cupit),
563 1656 621 1691 sed
656 1667 766 1701 neque
800 1657 883 1691 haec
918 1656 1064 1701 quodam
1098 1657 1287 1691 sententiae
1315 1656 1464 1702 pondere
1491 1661 1609 1692 carent

197 1726 307 1762 neque
335 1715 425 1761 quod
451 1714 632 1749 Lucretius
659 1715 743 1749 dicit
770 1714 813 1749 IV
833 1716 903 1750 567
931 1717 1022 1762 perit
1036 1715 1180 1760 frustra
1207 1726 1288 1761 pars
1315 1726 1448 1760 vocum,
1465 1716 1608 1762 frustra

198 1775 272 1810 sine
298 1775 330 1809 vi
359 1774 513 1809 additum
534 1774 682 1819 videtur,
711 1785 918 1819 quamquam
945 1776 1038 1821 perit
1062 1774 1174 1820 ipsum
1202 1774 1268 1809 dici
1297 1777 1389 1810 certe
1416 1775 1499 1810 satis
1519 1779 1608 1817 erat3

198 1845 276 1868 nam
306 1835 338 1868 in
367 1833 533 1879 pereundi
562 1833 665 1868 verbo
693 1834 784 1868 inest
810 1833 892 1867 mali
920 1836 1062 1868 eventus
1089 1833 1306 1878 significatio.
1359 1833 1488 1869 Contra
1513 1834 1547 1868 in
1577 1845 1607 1869 v.

198 1892 245 1927 HI
271 1894 343 1928 940
369 1905 510 1926 rursum
537 1893 632 1938 quod
654 1900 774 1938 pereat
799 1893 887 1927 male
913 1899 944 1927 et
968 1894 1145 1939 inqratum
1171 1894 1306 1928 occidat
1332 1905 1428 1928 omne
1446 1892 1608 1928 adverbio

198 1953 287 1986 male
313 1963 418 1986 causa
445 1950 587 1985 affertur
614 1954 647 1985 et
674 1952 844 1986 sententia
869 1951 953 1986 haec
980 1955 1050 1987 est:
1084 1963 1220 1986 rursum
1254 1952 1344 1997 quod
1371 1955 1493 1998 pereat
1518 1951 1609 1987 mala

200 2011 331 2045 ratione
358 2009 406 2056 (h.
427 2021 456 2045 e.
477 2008 660 2054 effusione,
695 2010 771 2045 vide
798 2022 828 2045 v.
855 2009 941 2056 938)
975 2014 1009 2046 et
1035 2010 1184 2055 occidat,
1216 2022 1292 2046 cum
1321 2010 1406 2045 nihil
1438 2011 1607 2046 commodi

198 2070 277 2105 inde
306 2070 367 2105 tibi
395 2068 580 2105 effluxerit.
624 2069 741 2105 Priore
761 2074 873 2105 autem
901 2069 976 2104 loco
1003 2070 1061 2115 qui
1081 2069 1282 2105 Munronem
1311 2074 1448 2106 secutus
1463 2071 1608 2116 frustra

197 2140 264 2164 non
292 2139 368 2163 cum
397 2128 502 2164 verbo
527 2130 621 2175 perit
646 2129 703 2163 sed
723 2140 800 2164 cum
820 2129 1042 2175 sequentibus
1062 2130 1191 2175 dzffuea
1202 2142 1270 2176 per
1287 2142 1394 2164 auras
1412 2129 1607 2174 coniunget,

199 2188 288 2233 quod
314 2187 388 2224 fieri
416 2191 542 2235 potest,
571 2188 618 2222 ita
647 2199 780 2234 quoque
807 2191 922 2224 tamen
951 2188 1105 2224 adverbii
1133 2188 1339 2224 sententiam
1368 2191 1447 2235 post
1465 2188 1604 2223 verbum

198 2250 288 2293 perit
318 2251 372 2283 sat
404 2247 540 2283 abunde
572 2247 690 2282 inferri
726 2247 900 2283 concedet.
929 2267 973 2271 -—
1009 2247 1203 2293 Aliquoties
1243 2247 1365 2282 deinde
1405 2247 1605 2283 adverbium

198 2308 351 2353 primum
381 2308 430 2343 eis
458 2306 572 2342 verbis
601 2307 754 2342 additum
783 2307 988 2353 reperimus,
1023 2317 1109 2351 quae
1136 2317 1198 2352 per
1225 2317 1260 2341 se
1287 2307 1362 2352 ipsa
1390 2306 1526 2341 initium
1553 2306 1606 2341 in-

200 2364 326 2409 dicent,
351 2365 383 2400 II
409 2368 480 2402 612
500 2368 659 2414 primum
687 2387 732 2391 —
759 2368 909 2413 coepisse
936 2367 1059 2410 creari,
1087 2365 1132 2401 IV
1162 2366 1225 2400 111
1252 2367 1409 2413 primum
1434 2386 1480 2390 —
1507 2379 1605 2414 coep-

200 2430 275 2459 tant
293 2444 339 2448 —
358 2427 457 2469 tueri,
485 2425 514 2459 V
536 2426 628 2461 1012
649 2427 808 2473 primum
834 2425 1028 2460 mollescere
1055 2426 1166 2471 coepit
1191 2423 1248 2459 ubi
1276 2427 1390 2459 tamen
1418 2424 1502 2460 illud
1523 2427 1604 2473 pri-

197 2497 291 2519 mum
319 2482 445 2530 aliquid
474 2486 603 2531 proprii
632 2485 735 2521 habet
760 2484 934 2531 ponderis,
963 2483 1051 2530 quod
1080 2484 1217 2531 saepius
1246 2484 1338 2520 verbi
1367 2487 1516 2533 coepisse
1535 2485 1602 2520 vim
