1835 2765
636 503 857 555 PARS
910 503 1195 555 PRIOR.

707 711 877 753 CAPUT
908 711 1121 753 PRIMUM.

284 782 355 840 Ac
387 804 539 849 primum
567 804 706 849 quidem
740 805 994 850 copulationem
1023 805 1204 840 verborum
1238 804 1481 847 bimembrem,
1515 815 1617 849 quam

206 861 294 906 dico,
322 864 474 898 tractare
500 863 676 909 incipiam,
704 874 771 909 qua
790 863 890 898 binae
909 874 1021 908 voces,
1049 864 1123 898 sive
1140 863 1245 898 verba
1271 866 1352 897 sunt
1377 862 1450 897 sive
1477 862 1619 897 nomina

206 921 279 956 sive
305 921 478 956 adiectiva
504 922 575 956 sive
601 922 777 965 adverbia,
804 922 1103 957 coniunctionibus
1130 921 1336 967 copulativis
1362 924 1422 956 aut
1439 921 1619 955 disiuncti-

206 979 258 1014 vis
285 982 586 1025 coagmentantur,
620 991 828 1025 quamquam
864 980 1067 1015 alterutram
1104 980 1185 1026 poni
1220 979 1263 1014 ad
1295 979 1501 1014 sententiam
1535 979 1619 1014 satis

205 1041 291 1073 erat.
344 1040 457 1084 Atque
485 1039 548 1074 hae
575 1050 692 1084 voces,
725 1039 754 1073 si
785 1039 987 1083 diligentius
1024 1039 1300 1083 consideramus,
1333 1037 1421 1073 tales
1454 1040 1550 1083 sunt,
1583 1041 1620 1073 ut

204 1100 265 1132 aut
292 1098 440 1133 diversis
467 1098 643 1133 vocabulis
670 1098 789 1133 eadem
818 1098 990 1133 sententia
1017 1097 1180 1134 efferatur
1206 1101 1266 1132 aut
1291 1100 1330 1132 ut
1355 1097 1497 1132 alterius
1523 1098 1618 1132 notio

203 1155 378 1192 definitior
402 1156 546 1192 alterius
574 1156 827 1201 significatione
854 1157 976 1192 latiore
1003 1157 1231 1201 contineatur,
1260 1156 1382 1191 deinde
1409 1160 1448 1191 ut
1473 1160 1619 1201 utraque

204 1216 344 1262 proprie
378 1220 438 1251 aut
470 1215 581 1251 altera
611 1216 840 1251 translatione
873 1216 982 1251 altera
1007 1216 1159 1262 propriis
1186 1216 1299 1250 verbis
1325 1215 1532 1250 sententiam
1560 1226 1618 1250 ex-

204 1275 343 1320 primat.
400 1273 495 1316 Quae
526 1285 735 1320 quamquam
769 1275 860 1310 inter
893 1286 929 1309 se
962 1286 1064 1319 quam
1098 1274 1249 1309 maxime
1280 1277 1400 1319 potero
1435 1273 1617 1318 distinebo,

203 1337 319 1368 tamen
351 1332 474 1368 melius
502 1333 657 1377 videtur,
690 1344 757 1367 non
792 1334 879 1368 haue
905 1333 996 1368 viam
1024 1333 1059 1367 in
1086 1332 1275 1377 digerenda
1306 1333 1453 1367 materia
1485 1332 1619 1376 ingredi

204 1392 266 1427 sed
292 1392 342 1426 ita
367 1392 484 1438 potius
511 1402 583 1426 rem
612 1392 805 1437 instituere,
832 1396 870 1427 ut
897 1392 1015 1437 quales
1039 1393 1109 1427 sint
1127 1392 1279 1426 rationes
1298 1392 1467 1438 poeticae,
1494 1391 1618 1436 quibus

203 1450 259 1486 hic
286 1462 368 1485 usus
395 1451 537 1495 nitatur,
566 1455 742 1497 appareat.
788 1451 862 1493 Qua
882 1451 918 1486 in
946 1463 983 1487 re
1011 1450 1222 1497 permultum
1243 1450 1392 1485 valuisse
1420 1450 1504 1485 mibi
1524 1450 1618 1485 vide-

203 1514 260 1544 tur
289 1509 472 1544 consilium
503 1513 626 1555 poetae
659 1510 764 1545 simili
800 1510 948 1556 quodam
984 1510 1168 1545 verborum
1203 1510 1334 1554 sonitu,
1370 1510 1441 1544 sive
1472 1508 1617 1554 singulis

202 1568 313 1604 literis
353 1568 425 1603 sive
463 1569 546 1603 totis
586 1568 727 1614 syllabis
766 1569 981 1613 continetur,
1016 1569 1182 1603 orationis
1216 1579 1352 1603 cursum
1387 1568 1545 1603 variandi
1578 1578 1618 1603 ae

202 1627 452 1672 distinguendi,
473 1627 562 1673 quod
582 1628 833 1673 antiquissimis
852 1626 1057 1662 Latinorum
1077 1628 1188 1674 poetis
1207 1627 1291 1662 satis
1309 1631 1445 1671 gratum
1466 1627 1617 1662 maxime

201 1685 364 1722 Lucretio
392 1686 529 1721 videtur
555 1685 743 1732 placuisse,
778 1686 836 1731 qui
868 1687 1063 1732 ubicunque
1089 1685 1216 1721 licebat
1242 1685 1369 1721 talibus
1396 1685 1508 1721 verbis
1535 1697 1617 1721 con-

202 1746 330 1781 iunctis
357 1746 512 1781 carmina
540 1756 602 1780 sua
629 1756 753 1780 ornare
780 1745 928 1789 studuit3
956 1756 1068 1791 neque
1092 1745 1198 1789 igitur
1214 1745 1342 1780 mirum
1360 1745 1436 1790 erit,
1465 1746 1493 1780 si
1513 1745 1615 1780 etiam

201 1816 327 1849 magna
354 1815 434 1850 pars
452 1804 650 1849 verborum,
679 1815 766 1850 quae
793 1815 987 1850 synonyma
1015 1808 1116 1850 poeta
1142 1804 1345 1850 composuit,
1373 1804 1436 1840 hoc
1462 1804 1614 1840 studium

200 1855 814 1899 luculentissime*demonstrabunt.
873 1863 967 1906 Quae
1002 1864 1050 1898 ita
1088 1864 1314 1908 enumerabo,
1348 1867 1386 1899 ut
1419 1864 1454 1898 in
1493 1863 1616 1910 primis

200 1923 339 1968 quidem
366 1923 474 1957 variis
505 1922 598 1957 illius
633 1923 892 1967 alliterationis,
927 1933 1029 1967 quam
1063 1923 1214 1958 breviter
1245 1923 1374 1967 dicam,
1405 1923 1526 1958 formis
1558 1934 1616 1957 ex-

201 1982 331 2027 pressis
358 1993 400 2017 ea
426 1985 561 2026 tamen,
593 1993 682 2028 quae
717 1982 890 2017 sententia
924 1985 983 2017 aut
1008 1982 1235 2027 grammatica
1262 1981 1395 2017 ratione
1421 1985 1501 2027 apte
1527 1981 1617 2016 inter

203 2053 240 2076 se
266 2042 461 2088 comparari
489 2041 637 2087 possint,
664 2041 966 2087 comprehendam.

300 2101 415 2147 Atque
448 2104 488 2136 ut
519 2111 539 2136 a
565 2100 680 2136 verbis
714 2101 896 2147 incipiam,
927 2101 1078 2148 primum
1113 2099 1255 2135 afferam
1296 2098 1492 2145 exemplum
1531 2098 1615 2133 illud

200 2161 404 2196 adiutamur
425 2181 466 2185 —
487 2168 591 2208 atque
617 2161 748 2196 alimur
772 2174 835 2196 nos
861 2161 971 2197 Certis
998 2160 1041 2196 ab
1067 2160 1169 2195 rebus
1197 2159 1225 2203 (Ι
1245 2156 1377 2205 812l13
1404 2158 1439 2193 in
1467 2158 1616 2194 editione

198 2219 398 2265 Bernaysii,
431 2231 532 2265 quam
574 2231 711 2265 semper
751 2231 876 2266 sequar
907 2221 944 2255 in
976 2219 1240 2262 enumerando),
1281 2218 1371 2253 idem
1398 2218 1469 2253 fere
1495 2221 1614 2263 atque:

199 2291 369 2326 auyemur
400 2285 431 2313 et
462 2280 591 2314 alimur
631 2278 686 2322 (cf.
722 2287 842 2315 auctus
881 2281 1091 2325 adiutusque
1130 2277 1221 2324 apud
1254 2276 1388 2312 Cornel.
1423 2276 1546 2323 Nepot.
1580 2277 1615 2311 in

198 2338 302 2374 Phoc.
322 2340 360 2383 2,
381 2336 434 2383 3),
462 2349 549 2383 quae
576 2338 714 2384 quidem
744 2339 850 2375 verba
875 2338 1058 2373 Lucretius
1089 2337 1229 2385 saepius
1256 2347 1296 2372 ac
1322 2336 1526 2382 plerumque
1552 2336 1615 2371 hoc

199 2398 319 2433 ordine
347 2397 541 2442 coniungit:
570 2397 583 2432 Ι
603 2398 674 2433 859
696 2405 881 2444 praeterea
899 2399 1067 2444 quoniam
1090 2396 1185 2431 cibus
1204 2403 1307 2443 auqet
1328 2408 1454 2443 corpus
1472 2396 1614 2442 alitque,

201 2456 228 2491 V
244 2458 315 2493 322
333 2470 417 2492 nam
435 2458 675 2504 quodcumque
693 2458 784 2492 alias
803 2470 844 2492 ex
867 2470 901 2491 se
927 2469 981 2491 res
1009 2463 1111 2503 auget
1136 2456 1278 2502 alitque,
1306 2454 1353 2490 VI
1371 2452 1502 2502 946s47
1522 2456 1614 2491 didi-
