1835 2765
858 61 904 97 41

180 161 276 198 nullo
301 164 340 198 in
364 169 458 199 motu
484 162 621 199 laborat
657 165 691 199 et
729 161 870 198 eandem
907 161 1111 198 sententiam
1141 162 1292 209 reperies
1331 160 1424 209 apud
1463 160 1578 208 ipsum

181 219 380 258 Lucretium
406 222 442 258 in
467 233 499 258 ν.
519 221 565 258 IV
586 223 665 258 117.
707 221 775 258 Sed
794 221 878 257 satis
897 223 1014 256 notum
1042 224 1106 267 est,
1132 224 1227 257 artus
1253 232 1315 268 per
1341 220 1578 269 synecdochen

181 280 285 317 etiam
311 281 389 329 ipsa
414 281 571 318 membra
596 281 664 317 dici
690 283 793 328 atque
818 280 868 317 ita
894 279 1030 326 quidem
1062 283 1100 316 ut
1129 280 1271 316 artubus
1302 283 1476 316 extremae
1502 290 1578 316 cor-

180 340 274 387 poris
299 343 416 387 partes
443 341 598 377 denotari
626 341 769 377 soleant.
809 339 897 375 Illud
924 343 1038 375 autem
1064 340 1248 375 discrimen
1275 340 1430 385 quamvis
1454 350 1575 375 verum

181 399 237 444 sit,
264 402 380 435 tamen
406 411 426 435 a
452 400 563 446 poetis
589 400 703 435 minus
730 401 890 435 accurate
916 398 1119 434 observatur
1151 401 1185 433 et
1217 398 1275 444 qui
1301 397 1497 434 Lucretium
1524 399 1576 433 in-

179 458 301 505 spiciet
326 458 456 495 videbit
491 458 631 493 nomina
665 457 725 493 illa
754 458 796 494 ab
829 469 868 494 eo
907 469 1048 505 prorsus
1087 457 1178 493 inter
1218 468 1254 492 se
1293 457 1430 492 mutari.
1483 457 1577 493 Nihil

180 516 272 553 aliud
298 518 404 563 igitur
430 520 547 564 poeta,
587 517 645 553 ubi
684 528 724 553 ea
757 518 936 553 coniunxit
961 516 1008 553 IV
1035 518 1105 553 885
1132 520 1167 553 et
1193 516 1239 552 IV
1268 517 1362 552 1035
1388 518 1422 551 et
1445 515 1494 552 ibi
1518 515 1578 552 ubi

178 567 310 612 maiore
335 576 369 612 vi
395 576 565 613 rhetorica
591 575 788 619 ἀσυνδέτως
813 578 847 613 in
874 576 941 613 fine
968 588 1088 613 versus
1114 576 1245 624 posuit,
1279 574 1487 621 significavit
1511 576 1578 611 nisi

179 647 296 672 omnes
328 636 482 682 corporis
520 639 635 683 partes
674 638 852 673 universas
889 637 1041 683 itemque
1079 636 1387 684 interpretabimur
1422 635 1512 682 quod
1542 635 1578 671 in

179 706 210 729 ν.
234 695 306 730 964
332 694 411 730 libri
437 695 467 730 II
493 696 598 731 simili
630 696 763 731 ratione
795 696 879 732 dicit
909 698 1071 732 materiai
1096 697 1252 744 Corpora
1279 715 1324 720 -
1345 708 1415 743 per
1444 696 1579 731 viscera

178 755 257 789 viva
278 766 345 802 per
370 761 467 790 artus
494 754 542 799 (id
568 756 620 790 est
645 754 755 789 tribus
782 754 895 789 verbis
922 768 991 802 per
1015 762 1121 791 totum
1152 754 1290 802 corpus)
1317 755 1505 791 sollicitata
1531 773 1577 778 —

178 814 362 861 trepidant.
416 812 576 849 Ceterum
602 823 722 849 vocem
748 813 936 849 membrum
961 833 1008 838 —-
1034 817 1072 849 ut
1102 814 1166 850 hoc
1197 815 1232 849 in
1268 817 1469 850 transcursu
1500 815 1578 849 tan-

177 883 256 917 gam
286 892 327 896 —
356 872 398 908 de
424 883 566 919 corpore
593 872 635 907 ad
662 871 747 907 alias
775 883 910 919 quoque
935 884 990 908 res
1015 872 1217 908 translatam
1244 873 1455 916 invenimus3
1482 872 1578 908 velut

178 930 296 967 Cicero
323 930 406 967 dicit
431 931 467 966 in
494 930 581 967 libro
609 930 650 966 de
676 934 800 967 natura
826 931 919 967 deor.
943 931 958 967 I
984 941 1058 978 cap.
1087 933 1121 977 4,
1140 933 1161 967 9
1189 945 1301 967 omues
1320 951 1365 957 —
1384 934 1457 967 eius
1482 929 1576 978 (phi-

176 988 370 1038 losophiae)
390 998 512 1039 partes
538 998 640 1038 atque
667 992 784 1027 omnia
808 991 960 1026 membra
987 1010 1033 1014 —
1065 998 1271 1036 noscuntur,
1312 1001 1398 1037 quae
1435 990 1576 1026 nomina

178 1050 280 1086 etiam
307 1049 488 1087 Lucretius
515 1050 650 1086 abunde
676 1050 851 1097 copulavit
877 1051 912 1086 in
945 1062 994 1086 vs.
1023 1050 1053 1086 V
1079 1051 1162 1096 240,
1195 1052 1277 1096 244,
1304 1049 1350 1086 Vl
1381 1051 1482 1086 1116.
1533 1049 1573 1086 In

176 1121 318 1146 numero
346 1110 502 1157 asyndeti
537 1109 772 1157 exemplorum
805 1114 885 1157 apte
916 1109 1102 1146 afferentur
1134 1110 1259 1146 deinde
1284 1109 1389 1146 verba
1414 1120 1575 1145 versuum

176 1169 207 1205 V
235 1167 388 1217 1077178
414 1171 561 1206 ‘marinis
578 1169 759 1205 Fluctibus
775 1172 814 1206 in
831 1170 935 1215 salso,
963 1181 1027 1217 pro
1054 1169 1177 1216 quibus
1204 1170 1230 1205 si
1259 1172 1362 1217 poeta
1387 1168 1576 1216 simplicius

176 1231 214 1264 in
239 1230 342 1265 saleio
358 1230 523 1276 fluctibus
549 1231 656 1265 maria
683 1229 841 1275 dixisset,
866 1228 1099 1265 Wakefieldus
1122 1229 1290 1266 deductus
1316 1240 1385 1265 non
1412 1232 1513 1275 esset,
1539 1232 1578 1265 ut

176 1287 287 1323 locum
314 1289 364 1324 sic
388 1288 475 1324 falso
501 1289 803 1335 interpretaretur:
844 1289 1040 1336 oseffrayae
1068 1291 1245 1336 meryique
1276 1301 1365 1336 quae
1396 1296 1477 1324 eunt
1503 1301 1578 1325 ma-

176 1349 265 1383 rinis
281 1348 457 1394 fluctibus,
483 1349 523 1383 id
548 1355 597 1383 eet
620 1360 699 1384 aves
724 1349 882 1384 marinae
907 1349 1063 1395 adeoque
1087 1350 1280 1384 victitantes
1298 1350 1399 1396 aquis
1416 1349 1575 1393 marinio,

177 1417 383 1451 quamquam
411 1406 469 1442 ille
495 1417 552 1442 eos
578 1409 669 1442 recte
694 1407 813 1442 reiecit
830 1407 888 1452 qui
911 1407 1117 1442 coniecturis
1143 1407 1256 1442 locum
1284 1410 1510 1453 temptarunt.
1531 1426 1575 1432 -

175 1464 287 1500 Maius
314 1468 426 1500 autem
455 1476 556 1511 quam
582 1464 636 1501 his
660 1464 743 1501 locis
770 1465 806 1500 in
832 1465 998 1512 asyndeto
1025 1466 1217 1501 sententiae
1252 1465 1386 1512 pondus
1412 1476 1576 1512 agnosces

175 1523 211 1559 in
238 1535 287 1559 vs.
315 1523 330 1560 I
356 1525 423 1560 341
453 1525 561 1561 multa
593 1526 704 1561 modis
735 1525 851 1561 multis
882 1527 984 1561 varia
1014 1528 1150 1562 ratione
1181 1528 1314 1562 moveri
1337 1525 1516 1563 Cernimus
1542 1529 1577 1562 et

176 1583 207 1619 II
226 1584 295 1620 708
321 1585 507 1620 seminibus
534 1587 634 1620 certis
661 1592 753 1620 certa
767 1587 935 1631 yenetrice
951 1592 1078 1629 creata,
1105 1585 1140 1620 in
1159 1596 1303 1630 quorum
1324 1585 1431 1621 altero
1449 1596 1575 1631 magna

177 1643 325 1678 varietas
352 1654 469 1678 eorum
498 1654 584 1688 quae
615 1643 650 1678 in
684 1643 811 1678 mundo
849 1643 923 1679 fieri
959 1643 1114 1679 videmus
1153 1644 1279 1680 acriter
1318 1644 1513 1680 illustratur
1537 1645 1574 1680 in

175 1701 281 1736 altero
309 1702 455 1747 quicque
481 1713 499 1738 e
526 1702 655 1738 semine
689 1704 781 1738 certo
815 1702 924 1738 creari
955 1703 1059 1738 variis
1086 1702 1199 1739 verbis
1226 1703 1378 1748 graviter
1402 1705 1570 1739 monetur.

173 1759 245 1795 Nec
270 1760 345 1795 sine
371 1760 542 1804 gravitate
566 1760 650 1796 haec
686 1772 706 1796 a
737 1764 840 1807 poeta
879 1762 992 1808 posita
1030 1765 1123 1797 sunt:
1163 1763 1261 1809 lonqe
1286 1785 1334 1791 —
1361 1763 1406 1798 In
1436 1765 1572 1810 maqm'e

173 1819 367 1854 intervallis
399 1819 435 1853 in
467 1829 517 1854 vs.
544 1818 577 1854 II
606 1817 710 1866 10617
738 1820 780 1855 cf.
809 1819 848 1855 V.
884 1818 1016 1867 578179
1054 1834 1135 1856 nam
1167 1823 1271 1869 prius
1311 1823 1444 1867 omnia,
1486 1835 1573 1870 quae

176 1878 274 1925 longe
299 1884 427 1913 semota
453 1884 586 1913 tuemur
602 1877 698 1913 Ae'ra
713 1891 778 1925 per
803 1880 960 1924 multum,
987 1882 1098 1927 specie
1124 1881 1270 1926 confusa
1288 1882 1447 1916 videntur
1469 1894 1573 1928 quam

173 1938 287 1973 minui
301 1937 416 1983 filum,
443 1936 511 1972 nisi
536 1936 591 1972 hic
617 1947 693 1972 cum
721 1936 1001 1975 Bockemuellero
1020 1950 1154 1975 comma
1177 1943 1255 1987 post
1273 1939 1413 1976 verbum
1440 1947 1572 1976 tuemur

173 2007 295 2043 ponas,
324 1996 438 2032 deleas
466 1999 545 2042 post
576 1996 781 2031 adiectivum
810 1998 973 2043 multum,
1013 1998 1071 2033 ubi
1109 2000 1263 2035 conferre
1295 2000 1422 2045 poteris
1448 2010 1497 2034 vs.
1526 1999 1572 2034 IV

175 2052 375 2103 offis—573
401 2054 523 2091 deinde
549 2054 596 2090 ΙΙΙ
622 2052 755 2102 549150
780 2068 933 2091 seorsum
960 2057 1101 2093 Secreta
1130 2058 1173 2094 ab
1205 2059 1303 2094 nobis
1328 2056 1386 2104 (cf.
1406 2055 1571 2105 1462163

170 2128 237 2161 per
262 2128 297 2149 ee
322 2135 368 2140 —
397 2115 571 2151 Semotum
597 2114 639 2149 ab
664 2127 781 2149 rerum
805 2113 924 2160 motu),
951 2115 999 2150 III
1020 2118 1088 2152 145
1114 2118 1219 2164 idque
1236 2118 1304 2152 sibi
1318 2130 1386 2164 per
1403 2130 1437 2152 se
1461 2118 1573 2153 solum

174 2175 269 2221 sapit
292 2173 335 2209 cf.
362 2185 394 2208 ν.
414 2174 485 2209 682
511 2174 571 2209 sed
586 2173 730 2209 velutin
748 2186 852 2209 cavea
870 2186 937 2221 per
959 2187 994 2209 8e
1015 2175 1084 2210 sibi
1103 2178 1216 2211 vivere
1232 2177 1352 2221 solam,
1379 2175 1425 2210 IV
1441 2167 1572 2223 161162

174 2234 224 2268 eie
249 2232 292 2268 ab
318 2232 418 2268 rebus
443 2235 525 2269 item
550 2233 658 2268 simili
681 2235 815 2269 ratione
840 2241 1004 2269 necessest
1033 2234 1214 2282 Temporis
1240 2237 1276 2270 in
1297 2243 1429 2282 puncto
1456 2249 1574 2272 rerum

174 2292 363 2327 simulacra
377 2293 567 2338 ferantur,
607 2292 637 2328 V
665 2290 771 2340 78179
797 2306 839 2328 ne
865 2294 964 2339 forte
988 2294 1071 2329 haec
1095 2296 1184 2330 inter
1223 2294 1353 2329 caelum
1379 2302 1575 2344 terramque

173 2363 314 2387 reamur
340 2352 470 2388 Libera
495 2360 615 2400 sponte
639 2365 704 2388 sua
729 2350 777 2399 (h.
798 2364 826 2388 e.
852 2365 913 2388 suo
939 2351 1102 2399 arbitrio)
1129 2366 1249 2389 cursus
1276 2355 1426 2391 lustrare
1445 2369 1572 2404 peren-

173 2412 240 2454 nis,
268 2410 314 2446 VI
333 2409 466 2458 319120
491 2425 551 2447 nec:
576 2420 696 2447 temere
722 2410 801 2458 (nec
817 2409 930 2457 facile)
957 2415 1094 2448 omnino
1111 2414 1220 2460 plane
1242 2416 1295 2448 vie
1311 2415 1458 2462 friqida
1483 2417 1576 2450 venti

174 2469 261 2504 Esse
273 2477 399 2516 potest,
429 2481 515 2517 quae
533 2471 696 2507 adverbia
713 2470 884 2518 particula
896 2471 1076 2507 coniunxit
1089 2470 1207 2507 Cicero
1227 2472 1261 2507 in
1276 2471 1396 2519 Bruto,
1423 2485 1498 2521 cap.
1513 2475 1572 2519 59,
