1835 2765
890 45 934 80 12

203 141 244 176 de
270 148 362 176 tactu
397 145 449 176 est
474 141 744 186 intellegendum
773 145 811 177 ut
836 142 882 177 IV
909 143 979 178 228
1012 142 1172 177 manibus
1205 148 1354 176 tractata
1388 142 1433 183 (h.
1462 153 1491 177 e.
1511 143 1616 180 tacta)

192 202 315 248 fiyura
351 203 386 235 et
415 200 452 234 in
486 199 618 246 Vergili
652 200 831 245 Georgicis
863 201 910 237 III
940 203 1011 237 502
1051 199 1183 247 (pellis)
1216 202 1263 236 ad
1293 207 1421 236 tactum
1452 203 1619 237 tractanti

202 262 292 294 dura
316 261 455 295 resistit.
499 260 656 306 Denique
683 260 802 296 eadem
827 261 961 296 ratione
980 260 1039 296 sed
1059 260 1225 295 chiastico
1244 259 1363 294 ordine
1381 258 1466 294 illud
1485 259 1615 295 dietum

202 321 253 353 est
281 318 310 353 II
341 320 409 355 106
437 327 549 355 cetera
575 321 755 356 dissiliunt
783 321 882 368 lonqe
910 322 1076 368 lonqeque
1093 327 1274 356 recursant
1291 320 1336 355 In
1352 320 1490 366 maqnis
1507 320 1615 354 inter-

200 378 316 423 vallis,
343 379 402 414 ubi
430 379 572 414 verbum
600 379 704 415 latius
723 384 845 426 patens
868 400 902 404 —
931 391 1009 414 nam
1030 380 1183 415 dissilire
1201 381 1308 415 estin
1326 380 1481 414 diversas
1493 386 1616 426 partes

200 437 307 472 salire
333 440 372 473 ut
397 436 515 483 1385,
541 439 609 473 391
641 458 686 463 —-
712 438 816 473 verbo
844 439 1000 484 sequenti
1027 439 1137 484 magis
1162 437 1298 474 definiri
1316 438 1483 482 videmus,
1512 440 1615 483 atque

201 497 350 532 similem
383 497 574 533 chiasmum
607 497 772 532 habemus
799 498 834 532 in
868 509 917 532 vs.
948 497 992 532 111
1020 495 1128 544 68s69
1161 500 1252 533 unde
1283 499 1435 533 homines
1468 498 1550 532 dum
1582 510 1617 531 se

190 556 293 600 falso
314 564 445 592 terrore
463 558 574 592 coacti
589 556 765 603 Effuqisse
782 557 903 591 volunt
917 557 1017 603 lonqe
1031 558 1198 604 lonqeque
1211 569 1359 592 remosse
1376 560 1411 592 et
1426 553 1615 602 V1653l54

203 617 298 662 quod
327 616 408 650 bene
439 617 658 662 propositum
696 617 729 650 si
755 615 862 661 plane
888 622 1072 651 contueare
1106 618 1157 650 Ac
1187 617 1307 650 videas
1327 617 1454 662 plane,
1491 617 1618 651 mirari

201 676 311 709 multa
341 675 530 720 relinquas.
559 693 604 697 -—
640 673 703 708 His
737 674 821 708 locis
855 677 925 709 tres
962 673 1047 709 alios
1079 677 1240 718 annecto,
1282 674 1339 709 ubi
1372 686 1439 709 non
1472 674 1614 710 eandem

203 743 320 767 vocem
348 733 531 779 repetitam
561 732 620 767 sed
648 732 759 768 altero
785 732 860 768 loco
888 732 991 768 aliam
1019 732 1172 768 eiusdem
1201 733 1272 768 fere
1299 734 1490 769 sententiae
1517 744 1616 780 repo-

201 791 303 825 sitam
332 791 545 826 invenimus:
574 791 619 826 Ill
651 790 780 838 168s69
803 794 943 839 pariter
958 793 1073 839 funqi
1098 805 1175 827 cum
1201 805 1346 839 corpore
1372 800 1403 827 et
1427 806 1500 827 una
1526 792 1614 827 Con-

200 852 326 885 sentire
352 852 509 886 animum
532 851 634 897 :nobis
660 853 698 886 in
725 864 871 898 corpore
897 853 1021 896 cernis,
1057 851 1102 886 IV
1132 848 1263 898 129s30
1288 858 1367 886 sunt
1399 853 1501 887 etiam
1528 863 1616 898 quae

201 916 322 956 sponte
348 922 413 944 sua
437 912 634 957 qiynuntur
660 917 691 945 et
720 912 800 957 ipsa
827 910 1090 946 Constituantur
1115 912 1154 946 in
1180 911 1243 946 Ῐιοσ
1269 912 1362 946 caelo
1390 909 1435 945 VI
1461 911 1534 946 519
1559 923 1614 945 re-

200 982 341 1004 manere
359 971 421 1005 diu
436 989 484 992 —
499 971 708 1017 lonyumque
724 972 869 1005 morari.
891 989 936 995 —-
955 969 1031 1005 Huc
1049 970 1170 1005 referri
1189 972 1303 1016 potest
1322 970 1424 1005 etiam
1444 969 1539 1004 locus
1557 969 1615 1004 ille

199 1028 246 1064 ΙΙΙ
274 1026 405 1074 286l87
434 1042 477 1064 ne
504 1030 601 1064 calor
626 1043 667 1064 ac
692 1036 811 1064 ventus
838 1042 992 1065 seorsum
1018 1042 1239 1076 seorsumque
1256 1036 1411 1076 potestas
1429 1030 1532 1065 Ae'ris
1557 1031 1613 1064 in-

200 1096 368 1124 teremant
392 1101 529 1123 sensum
555 1090 767 1136 diductaque
793 1090 940 1133 solvant,
971 1092 1006 1124 at
1023 1088 1058 1123 in
1073 1100 1104 1123 v.
1125 1087 1138 1123 Ι
1159 1089 1228 1124 766
1250 1088 1353 1123 verba
1372 1101 1477 1135 quam
1495 1095 1615 1124 contra

198 1160 253 1182 res
279 1148 423 1182 illorum
448 1155 609 1194 retroque
629 1150 767 1194 putari,
796 1159 883 1193 quae
910 1147 1033 1182 Munro
1061 1148 1110 1182 sic
1141 1147 1325 1191 intellegit:
1358 1158 1461 1192 quam
1494 1151 1614 1182 contra

200 1217 255 1241 res
283 1205 421 1241 illorum
449 1206 641 1252 primordia
668 1206 736 1241 dici
763 1209 924 1251 retroque
951 1206 1084 1251 putari,
1110 1216 1180 1240 non
1207 1205 1319 1250 video,
1347 1216 1408 1240 cur
1434 1217 1501 1241 non
1531 1207 1613 1240 sim-

200 1265 324 1312 plicius
352 1266 402 1301 sic
428 1277 691 1312 componamus:
728 1277 829 1311 quam
856 1277 911 1301 res
938 1265 1074 1300 illorum
1109 1265 1328 1312 (primordia)
1355 1268 1475 1300 contra
1502 1269 1613 1301 retro-

200 1336 265 1370 que
293 1325 421 1371 putari.

298 1383 483 1419 Praeterea
509 1388 623 1419 autem
653 1388 753 1429 poeta
779 1383 951 1419 interdum
985 1384 1033 1418 ita
1060 1384 1128 1418 vim
1158 1384 1251 1419 vocis
1282 1384 1405 1419 fortius
1433 1382 1544 1429 effert,
1577 1388 1614 1418 ut

198 1443 348 1489 simplici
376 1443 449 1478 voci
477 1454 541 1488 par
567 1443 747 1478 verborum
776 1443 1097 1486 cognominatorum
1119 1442 1275 1477 subiciat.
1321 1442 1494 1478 Premitur
1521 1443 1611 1478 enim

198 1514 281 1538 sane
315 1504 366 1537 vis
399 1503 492 1538 vocis
526 1506 559 1537 et
591 1502 803 1548 imprimitur
834 1502 947 1546 magis
982 1502 1015 1537 in
1050 1502 1183 1546 animo,
1223 1512 1300 1537 cum
1335 1502 1466 1538 duobus
1499 1502 1613 1537 verbis

197 1562 348 1597 fulcitur.
395 1561 462 1597 Sed
489 1561 553 1597 hoc
578 1561 713 1597 facilius
741 1561 873 1597 scilicet
900 1561 1049 1596 sentitur
1076 1573 1178 1607 quam
1207 1562 1407 1597 enuntiatur
1433 1565 1467 1596 et
1485 1561 1612 1597 clarius

195 1622 253 1656 fiet
279 1622 426 1656 fortasse
454 1621 621 1666 exemplis
648 1622 733 1666 ipsis
753 1621 909 1666 prolatis.
950 1620 986 1655 In
1007 1621 1070 1655 hoc
1088 1632 1213 1665 genere
1232 1624 1295 1664 est,
1323 1620 1413 1666 quod
1432 1620 1613 1656 Lucretius

196 1682 231 1716 in
259 1693 288 1716 v.
317 1680 361 1716 ΙΙΙ
391 1681 461 1716 875
494 1680 535 1715 de
571 1680 707 1716 homine
740 1679 824 1715 dicit
857 1683 1002 1714 mortem
1039 1684 1203 1725 querente
1240 1690 1302 1714 nec
1333 1683 1449 1715 tamen
1481 1684 1611 1715 metum

194 1741 396 1776 confitente:
429 1754 491 1775 nec
516 1741 687 1775 radicitus
715 1753 731 1774 e
755 1742 829 1774 vita
855 1752 889 1774 se
916 1740 1006 1774 tollit
1031 1747 1063 1774 et
1080 1741 1168 1774 eicit.
1209 1739 1295 1774 Nam
1316 1751 1523 1785 quamquam
1544 1740 1610 1786 ipsi

195 1799 361 1835 adverbio
388 1800 439 1834 vis
467 1810 593 1843 magna
612 1799 742 1842 subest,
770 1802 886 1833 tamen
905 1798 1031 1842 ignava
1051 1798 1199 1833 hominis
1218 1798 1388 1844 voluntas,
1416 1799 1474 1844 qui
1494 1799 1612 1834 haeret

195 1860 229 1894 in
258 1859 331 1894 vita
357 1870 421 1894 nec
449 1870 614 1894 vanarum
643 1859 846 1904 opinionum
875 1858 1012 1893 vincula
1046 1869 1187 1904 prorsus
1215 1857 1365 1903 effugere
1392 1862 1517 1905 potest,
1550 1859 1612 1893 du-

194 1918 276 1964 plici
304 1918 455 1961 imagine
481 1918 605 1952 fortius
633 1917 853 1962 exprimitur.
907 1917 997 1951 Idem
1032 1920 1153 1963 poetae
1187 1917 1368 1953 consilium
1403 1922 1549 1964 apparet
1575 1919 1609 1952 in

194 1990 224 2013 V.
246 1977 292 2013 III
320 1977 392 2013 273
418 1990 502 2012 nam
524 1978 665 2024 penitus
687 1989 855 2024 prorsum
881 1977 961 2012 latet
985 1977 1068 2012 haec
1093 1983 1223 2012 natura
1254 1977 1454 2024 subestque,
1488 1979 1523 2011 et
1553 1980 1612 2011 aut

193 2038 295 2073 fallor
321 2041 381 2072 aut
408 2041 512 2083 poeta
539 2036 653 2072 verbis
682 2048 800 2072 versus
828 2036 977 2072 eiusdem
1007 2036 1086 2072 libri
1118 2037 1209 2072 1078
1235 2044 1416 2084 praeterea
1433 2049 1612 2072 versamur

194 2098 321 2133 ibidem
347 2105 452 2145 atque
477 2099 635 2132 insumus
666 2109 775 2143 usque
806 2097 895 2131 vitae
930 2097 1100 2131 humanae
1133 2096 1281 2131 formam
1315 2096 1442 2131 eisdem
1477 2107 1612 2142 semper

195 2158 285 2191 curis
313 2168 352 2192 ac
383 2157 509 2192 studiis
542 2160 730 2202 occupatae
765 2157 961 2203 expressius
989 2156 1163 2202 depingit,
1197 2156 1245 2190 ita
1272 2159 1310 2190 ut
1335 2155 1426 2191 idem
1456 2158 1610 2191 amantes

196 2216 229 2248 in
258 2226 380 2259 corpus
408 2216 565 2251 mulieris
594 2219 728 2250 amatae
755 2217 853 2261 quasi
880 2219 971 2251 totos
998 2226 1035 2249 se
1062 2215 1268 2258 immergere
1294 2214 1470 2249 studentes
1498 2215 1610 2260 lepide

197 2273 416 2319 perstringit,
453 2286 532 2310 cum
561 2285 619 2309 eos
648 2276 679 2308 in
708 2286 755 2309 vs.
776 2274 820 2309 IV
852 2271 984 2319 1103s4
1007 2280 1192 2319 penetrare
1224 2280 1255 2308 et
1286 2273 1383 2308 abire
1413 2275 1453 2308 in
1485 2286 1611 2321 corpus

196 2346 342 2380 corpore
368 2341 433 2369 toto
462 2335 726 2380 haudquaquam
761 2345 863 2380 posse
891 2332 992 2377 dicit,
1028 2332 1184 2377 quamvis
1218 2343 1341 2376 magno
1376 2342 1453 2367 cum
1488 2332 1611 2368 ardore

196 2392 260 2425 niti
288 2391 481 2437 videantur,
512 2398 546 2428 et
573 2396 611 2427 ut
636 2394 670 2427 in
689 2405 720 2428 v.
744 2395 812 2428 716
841 2392 921 2427 libri
949 2391 978 2426 V
1006 2393 1212 2426 omnimodis
1236 2404 1420 2426 occursans
1439 2392 1609 2437 officiens-

198 2463 263 2497 que
291 2450 422 2484 variam
450 2452 619 2487 rationem
639 2451 861 2498 impedientis
879 2450 973 2485 illius
992 2450 1145 2495 corporis
1165 2450 1300 2495 egregie
1319 2448 1500 2495 significat.
1540 2450 1609 2486 Nos
