1835 2765
886 33 933 67 23

204 129 336 166 Eodem
363 130 465 166 modo
490 133 591 177 poeta
618 131 723 166 etiam
749 130 784 165 in
810 141 862 166 vs.
880 126 1059 174 509l—11
1088 132 1122 165 et
1147 127 1279 176 525l26
1314 128 1512 165 nominibus
1538 127 1608 163 illis

205 188 307 234 plane
327 190 527 236 synonymis
545 190 736 224 orationem
754 188 904 223 variavit
921 191 1023 233 atque
1041 188 1192 223 vicissim
1211 188 1279 223 alio
1305 188 1379 223 loco
1397 187 1443 223 VI
1460 184 1607 233 483l84‚

205 247 262 283 ubi
289 248 458 294 quomodo
485 248 602 284 nubila
627 250 847 283 concrescant
873 246 1044 282 disserens
1073 247 1155 282 haee
1181 247 1313 292 profert
1337 248 1383 291 fit
1408 259 1544 294 quoque
1569 253 1609 281 ut

204 308 269 341 hue
294 309 435 342 veniant
463 309 503 342 in
534 308 666 342 eaelum
698 308 908 342 eoetrinsecus
937 306 1002 340 illa
1032 305 1190 352 Corpora
1223 318 1311 351 quae
1331 306 1477 351 faciunt
1500 306 1606 340 nubes

203 364 404 412 nimbosque
435 366 588 400 volantes
622 365 657 399 in
696 364 866 399 sententia
904 364 989 398 satis
1026 363 1177 407 generali
1213 363 1407 398 nimborum
1440 363 1606 399 vocabulo

204 423 304 459 facile
330 434 519 459 careamus.
572 422 639 459 Sed
666 434 802 469 semper
828 422 947 459 eadem
975 433 1029 458 res
1055 425 1119 468 est,
1146 422 1237 458 idem
1266 421 1506 457 alliterationis
1532 425 1604 457 stu-

207 482 315 528 dium,
341 494 407 528 quo
434 483 557 518 duetus
583 485 684 529 poeta
703 483 805 518 etiam
834 483 868 517 in
886 493 936 517 vs.
956 482 986 517 V
1004 479 1113 529 43s44
1131 482 1220 517 dixit
1237 494 1326 528 quae
1344 482 1485 529 proelia
1507 482 1606 516 nobis

205 542 320 589 Atque
341 542 501 588 pericula
527 549 630 577 tumst
653 543 803 589 inqratis
828 542 1096 586 insinuandum,
1122 552 1200 576 cum
1227 544 1372 586 utroque
1400 540 1537 575 nomine
1564 540 1606 574 ad

204 600 410 635 sententiam
442 600 532 636 idem
566 600 638 636 fere
670 601 805 636 valente
839 600 985 637 alterum
1017 601 1098 645 poni
1139 600 1223 635 satis
1262 603 1372 644 esset,
1411 609 1523 644 neque
1549 603 1608 632 aut

204 657 384 693 Lucretius
411 659 503 694 aliud
531 659 611 705 quid
637 660 673 694 in
700 660 813 694 animo
840 659 971 703 habuit,
997 670 1073 694 cum
1096 660 1318 706 praesidium
1344 661 1379 693 et
1399 658 1608 705 perfuyium

204 717 416 753 consociaret
441 719 477 753 in
502 730 533 753 v.
557 719 647 753 1107
674 717 754 753 libri
780 718 809 752 V
837 721 896 753 aut
914 717 1046 762 Cicero,
1073 717 1313 753 alliterationis
1332 720 1452 752 orator
1475 716 1606 751 studio-

205 776 373 820 sissimus,
400 788 476 812 cum
503 776 632 812 eisdem
651 776 764 811 verbis
792 777 875 811 satis
894 776 1029 811 abunde
1053 778 1206 811 uteretur
1231 777 1266 811 in
1293 779 1378 811 orat.
1407 787 1471 822 pro
1489 775 1605 810 Rabir.

204 835 299 881 perd.
326 846 385 871 reo
412 836 447 880 2,
464 836 488 871 4
513 833 572 881 (cf.
592 834 704 871 Plaut.
731 834 807 870 Cas.
836 836 870 880 3,
889 836 923 880 5,
943 835 965 869 2
990 836 1117 879 nescio,
1156 836 1247 870 unde
1279 836 1407 879 auoeili,
1432 835 1604 882 praesidi,

202 896 346 943 perfuyi
368 897 418 930 mi
441 902 502 930 aut
527 907 631 942 opum
656 896 793 942 copiam
818 891 1033 941 conparem);
1060 893 1272 939 eandemque
1295 895 1463 929 rationem
1489 894 1604 929 nescio

204 964 265 989 cur
290 965 358 989 non
385 964 568 998 agnoscam
594 954 630 988 in
657 965 687 988 v.
716 953 831 998 1879,
859 953 916 988 ubi
935 956 1037 999 poeta
1063 952 1105 988 de
1123 952 1192 987 illis
1216 953 1415 999 primordiis
1441 953 1603 998 loquitur,

205 1023 291 1058 quae
317 1015 397 1048 sunt
422 1014 534 1060 mayis
558 1014 597 1048 in
619 1019 784 1060 promptu
807 1014 993 1059 primaque
1018 1013 1057 1047 in
1076 1012 1201 1058 fronte
1227 1012 1358 1056 locata,
1398 1022 1605 1057 quamquam

204 1072 259 1107 hic
285 1071 422 1118 quidem
448 1070 523 1107 fieri
550 1074 676 1118 potest,
707 1074 746 1106 ut
776 1075 879 1118 poeta
910 1071 1092 1107 verborum
1132 1070 1193 1106 illa
1233 1071 1472 1106 coniunctione
1498 1070 1606 1106 abun-

203 1130 298 1166 danti
325 1130 534 1175 absolvatur,
561 1131 590 1165 si
616 1130 681 1165 hoc
705 1130 780 1165 loco
808 1130 850 1165 ad
877 1129 1055 1165 Munronis
1082 1130 1287 1165 sententiam
1308 1130 1413 1165 verba
1439 1130 1488 1164 sic
1514 1140 1607 1164 com-

204 1192 393 1235 ponuntur:
419 1191 516 1225 cuius
541 1191 612 1224 sint
633 1190 789 1236 plurima
814 1190 926 1224 mixta
950 1196 982 1225 et
1007 1191 1119 1236 mayis
1157 1191 1194 1224 in
1231 1196 1398 1236 promptu
1429 1190 1500 1223 sint
1525 1190 1605 1235 pri-

203 1260 327 1294 maque
350 1250 388 1283 in
408 1249 533 1294 fronte
563 1249 694 1292 locata,
736 1251 838 1293 atque
878 1248 983 1283 simili
1022 1248 1096 1283 loco
1129 1247 1208 1283 libri
1235 1247 1281 1282 IV
1308 1259 1339 1282 v.
1359 1249 1406 1283 95
1440 1247 1543 1282 verba
1569 1250 1607 1282 in

201 1309 319 1353 prima
334 1308 458 1353 fronte
483 1308 595 1343 locata
623 1306 840 1353 praecedenti
865 1309 903 1342 in
927 1315 1094 1355 promptu
1113 1309 1280 1354 quoniam
1298 1314 1346 1342 est
1372 1307 1470 1352 quasi
1498 1317 1606 1352 appo—

204 1365 271 1400 sita
296 1365 481 1410 finguntur.
534 1365 601 1401 Sed
627 1377 736 1411 neque
763 1366 995 1401 necessarium
1023 1370 1083 1402 aut
1109 1366 1301 1412 simplicius
1328 1365 1393 1401 hoc
1419 1376 1494 1401 esse
1521 1369 1604 1411 puto

204 1435 312 1470 neque
343 1424 461 1460 dubito
497 1427 617 1471 poetae
654 1425 757 1461 talem
797 1424 1043 1460 abundantiam
1082 1425 1278 1461 adscribere
1311 1436 1378 1460 non
1414 1424 1469 1460 hic
1496 1424 1605 1469 magis

204 1494 305 1529 quam
334 1483 410 1519 aliis
436 1484 531 1528 locis,
558 1484 616 1519 ubi
643 1484 708 1519 viri
735 1484 825 1519 docti
851 1484 1145 1530 interpretationis
1172 1487 1246 1519 arte
1269 1484 1448 1520 subtiliore
1475 1483 1604 1528 signifi-

204 1543 348 1578 cationis
388 1543 645 1589 sententiaeque
684 1543 883 1578 discrimina
919 1543 1084 1588 quaedam
1119 1543 1177 1578 vix
1216 1543 1291 1578 iure
1331 1542 1415 1577 mihi
1445 1543 1604 1578 videntur

202 1602 376 1637 statuisse.
428 1601 590 1649 Exempli
616 1613 720 1637 causa
746 1601 849 1637 affero
883 1602 967 1637 illud
999 1616 1070 1638 non
1105 1604 1226 1638 eadere
1262 1604 1301 1637 in
1333 1609 1462 1637 terram
1486 1603 1603 1637 stellas

203 1668 234 1696 et
257 1662 375 1696 sidera
400 1662 535 1696 cernis?
559 1662 595 1696 in
621 1673 652 1695 v.
680 1661 810 1696 11209.
862 1660 944 1703 Quis
982 1661 1072 1697 enim
1112 1661 1154 1696 de
1187 1661 1322 1705 vulgari
1354 1660 1531 1695 stellarum
1567 1664 1602 1695 et

203 1720 355 1755 siderum
382 1719 591 1765 definitione,
624 1730 690 1765 qua
717 1720 812 1755 sidus
837 1720 964 1756 factum
1005 1723 1057 1755 est
1094 1719 1250 1766 pluribus
1289 1719 1398 1755 stellis
1430 1729 1600 1765 quamque

201 1782 338 1813 secutus
365 1779 468 1813 etiam
495 1779 617 1814 Munro
655 1780 766 1826 sinyle
802 1786 894 1814 stars
931 1781 1003 1815 and
1033 1780 1284 1815 constellations
1315 1778 1498 1822 intellegit,
1524 1778 1600 1823 quis

202 1837 276 1872 dico
304 1837 345 1872 de
370 1836 432 1872 tali
458 1837 694 1882 distinetione,
734 1838 892 1883 quamvis
918 1837 995 1873 aliis
1021 1837 1105 1873 locis
1132 1841 1214 1884 apta
1240 1838 1302 1882 sit,
1341 1837 1377 1872 in
1411 1837 1474 1872 hoc
1499 1847 1600 1871 versu

201 1896 376 1942 cogitabit,
401 1896 459 1932 ubi
486 1899 588 1943 poeta
605 1896 690 1931 nihil
708 1896 799 1932 aliud
820 1896 1014 1942 significare
1033 1897 1105 1933 vult
1131 1897 1197 1933 nisi
1225 1897 1285 1933 has
1308 1896 1405 1943 quasi
1433 1895 1599 1931 scintillas

203 1956 255 1991 vel
283 1955 494 1991 flammarum
521 1966 677 2001 corpora,
704 1967 791 2000 quae
817 1967 879 2002 per
904 1957 1039 1992 caelum
1067 1968 1225 1993 serenum
1251 1956 1403 1992 volantia
1430 1955 1536 1990 oculis
1563 1956 1597 1991 in

201 2018 327 2050 terram
356 2014 513 2050 decidere
539 2014 698 2050 videntur
725 2014 780 2058 (cf.
809 2014 909 2050 Ovid.
937 2015 1017 2051 Met.
1046 2016 1075 2051 ΙΙ
1102 2014 1235 2062 321122
1256 2016 1395 2062 fertur,
1429 2022 1466 2050 ut
1490 2016 1598 2049 inter-

201 2076 284 2110 dum
309 2076 350 2110 de
375 2075 468 2110 caelo
495 2075 593 2110 stella
618 2086 734 2109 sereno
761 2074 841 2109 Etsi
863 2087 934 2109 non
959 2076 1092 2119 cecidit,
1126 2077 1240 2122 potuit
1264 2075 1423 2110 cecidisse
1448 2072 1599 2119 videri)?

201 2132 285 2168 Mihi
312 2133 453 2169 dubium
481 2144 548 2168 non
574 2135 637 2177 est,
664 2132 745 2177 quin
773 2136 874 2178 poeta
911 2132 1152 2168 alliterationis
1192 2144 1306 2168 amore
1340 2133 1518 2167 devinctus
1545 2133 1599 2167 his

201 2192 332 2228 duobus
359 2192 555 2228 nominibus
573 2203 714 2238 prorsus
733 2191 873 2227 eandem
902 2202 973 2227 rem
993 2191 1246 2236 significaverit.
1286 2190 1470 2226 Praeterea
1497 2202 1599 2227 nemo

202 2253 265 2288 hoc
291 2252 399 2287 nescit
431 2251 549 2287 stellas
582 2264 601 2286 a
641 2252 750 2298 poetis
789 2251 936 2287 siderum
964 2262 1045 2286 voce
1085 2252 1181 2297 quasi
1220 2250 1387 2286 nobiliore
1425 2254 1458 2286 et
1488 2252 1599 2295 magis

201 2311 335 2356 poetico
366 2310 529 2346 vocabulo
565 2311 777 2356 frequentari
815 2320 925 2355 neque
962 2310 1078 2355 inepte
1117 2321 1194 2344 eum
1232 2309 1290 2344 illo
1324 2308 1463 2345 Lucreti
1499 2321 1598 2345 versu

200 2369 354 2405 conferes
379 2369 441 2405 hos
468 2368 569 2405 Ovidi
586 2369 733 2405 Nasonis
759 2369 864 2405 locos:
903 2367 982 2404 Met.
1001 2367 1081 2404 XIV
1101 2369 1169 2404 846
1196 2369 1248 2403 ibi
1271 2370 1369 2405 sidus
1396 2370 1439 2405 ab
1466 2370 1599 2405 aethere

201 2430 338 2475 lapsum
362 2430 505 2464 Decidit
529 2431 567 2464 in
600 2436 710 2465 terras
748 2428 850 2475 (adde
876 2440 907 2463 v.
927 2425 1012 2473 848)
1038 2432 1071 2463 et
1097 2427 1160 2462 XV
1179 2428 1249 2463 749
1282 2426 1481 2474 (Caesarem
1510 2429 1598 2464 bella
