1835 2765
864 63 910 98 74

178 157 359 193 Lucretius
388 168 426 192 ea
453 157 509 193 hie
534 158 735 204 coniungat,
762 163 918 206 apertam
946 160 1112 195 exsistere
1139 159 1305 194 orationis
1331 159 1588 196 abundantiam.

178 216 309 252 Eadem
338 216 462 253 deinde
488 229 544 254 res
572 221 625 254 est
649 219 684 253 in
704 230 735 254 V.
756 218 800 254 IV
820 221 890 256 673
917 221 1008 255 unde
1015 221 1130 266 fluens
1148 220 1265 255 volvat
1280 221 1401 254 varius
1418 232 1453 255 se
1460 220 1590 266 fluctus

177 277 321 311 odorum
348 280 382 312 et
409 276 456 312 IV
483 278 554 313 285
588 279 698 313 alium
728 292 816 326 prae
849 293 884 315 se
914 280 1112 327 propellens
1144 286 1228 314 aera
1258 279 1365 314 volvit
1395 278 1453 314 ubi
1480 279 1591 314 mani-

176 335 301 370 festum
330 339 383 371 est
410 337 566 383 poeticae
584 337 826 373 alliterationis
845 339 1009 383 studium,
1037 349 1148 384 neque
1167 338 1266 374 aliter
1284 338 1396 373 sentio
1415 337 1457 373 de
1475 337 1590 373 verbis

176 405 294 430 versus
313 394 358 430 IV
380 395 472 431 1027
494 398 556 444 qui
573 398 637 432 ciet
653 399 805 433 inritans
832 399 908 434 loca
926 399 1068 446 tarqida
1084 400 1210 433 semine
1227 398 1345 442 multo,
1374 408 1450 433 cum
1470 400 1591 444 postea

175 464 310 499 quoque
341 452 496 502 1036s38
524 458 613 490 ciere
640 459 674 491 et
699 459 848 492 inritare
874 461 912 492 ut
939 468 1131 503 synonyma
1157 458 1247 493 inter
1273 468 1309 492 se
1336 460 1523 500 mutentur,
1557 460 1591 491 et

174 513 216 550 de
244 513 401 550 versibus
428 514 458 550 11
488 512 617 561 194f'95
645 517 740 563 quod
762 529 870 563 ¹aenas
901 529 918 552 e
943 515 1008 562 (sic
1034 519 1126 552 recte
1159 516 1279 553 scribit
1305 515 1440 560 Munro)
1471 523 1589 552 nostro

175 587 253 608 cum
280 576 403 609 missus
430 587 574 621 corpore
600 577 743 621 sanquis
761 576 903 611 Emicat
928 577 1087 611 exultans
1114 577 1181 611 alte
1199 579 1402 624 sparyitque
1420 589 1587 620 cruorem,

176 632 234 667 ubi
262 632 365 668 verba
392 634 550 668 exultans
577 633 656 678 alte,
683 633 719 668 in
748 633 872 679 quibus
892 635 1203 678 argumentationis
1231 636 1283 670 vis
1310 636 1423 682 posita
1441 638 1504 680 est,
1531 635 1589 680 qui

178 692 398 739 praecedenti
426 695 549 728 emicat
575 693 804 729 additamenti
831 694 942 729 instar
969 694 1104 730 adiecta
1130 695 1293 741 opinatur
1321 695 1389 731 vim
1422 694 1589 731 orationis

176 752 364 796 infringere
404 752 488 787 mihi
530 752 676 788 videtur.
735 752 906 799 Equidem
946 754 1107 789 existimo
1142 754 1247 789 verba
1278 756 1400 790 emicat
1432 755 1589 790 exultans

175 812 243 847 alte
270 823 289 846 a
316 815 420 857 poeta
446 812 569 847 fortius
598 817 632 848 et
658 812 807 860 lepidius
835 824 897 860 pro
925 812 1074 860 simplici
1102 813 1168 849 alte
1195 814 1325 849 eoeultat
1350 813 1464 860 posita
1495 812 1588 849 nullo

174 871 275 906 modo
310 873 484 917 segregari
523 872 659 908 debere.
722 872 908 909 Praeterea
941 873 994 908 hic
1027 873 1174 920 proferri
1208 877 1322 920 potest
1354 885 1385 908 v.
1412 873 1457 909 IV
1494 875 1586 909 1116

175 938 334 977 aeyrotat
348 932 456 977 fama
484 933 668 977 vacillans,
696 932 754 967 ubi
781 932 911 979 duplici
944 932 1170 967 translatione
1207 933 1325 968 eadem
1354 944 1409 968 res
1435 936 1589 978 notatur,

175 990 327 1035 itemque
354 991 389 1025 in
418 1002 449 1025 v.
469 990 516 1026 III
547 993 641 1027 1050
671 999 775 1038 atque
807 994 919 1027 animi
949 994 1078 1027 incerto
1107 993 1257 1038 fluitans
1289 1005 1406 1027 errore
1434 994 1588 1039 vaqaris,

175 1048 243 1083 nisi
270 1049 384 1094 fallor,
412 1050 545 1085 duobus
575 1050 686 1086 verbis
714 1050 856 1085 eandem
877 1051 949 1086 fere
973 1051 1179 1086 sententiam
1199 1054 1300 1096 poeta
1319 1051 1513 1096 exprimere
1532 1062 1590 1085 vo-

175 1107 257 1151 luit;
274 1110 421 1155 fluitare
448 1109 538 1144 enim
567 1110 704 1155 saepius
732 1109 773 1144 de
797 1110 929 1144 incerto
955 1110 1053 1144 navis
1073 1112 1168 1144 motu
1187 1109 1324 1154 dicitur,
1352 1120 1440 1155 quae
1458 1113 1589 1144 rectore

176 1178 299 1204 carens
326 1172 506 1204 ventorum
536 1171 569 1204 et
596 1168 764 1204 undarum
802 1168 945 1204 arbitrio
977 1168 1012 1204 in
1041 1169 1128 1204 mari
1155 1169 1278 1214 fertur,
1311 1168 1354 1204 cf.
1379 1167 1481 1214 Verg.
1501 1169 1588 1205 Aen.

179 1227 207 1261 V
236 1228 305 1263 867
335 1240 355 1263 a
373 1227 584 1264 Wakefieldo
612 1232 691 1274 apte
718 1227 880 1263 collatum
901 1242 977 1263 cum
997 1236 1103 1276 pater
1121 1230 1248 1264 amisso
1257 1230 1456 1276 fluitantem
1473 1242 1590 1265 errare

176 1290 345 1335 maqistro
373 1286 527 1333 (navem)
555 1288 673 1324 Sensit
708 1292 741 1323 et
768 1287 837 1323 Cic.
865 1300 912 1323 or.
942 1299 1003 1334 pro
1032 1287 1144 1324 Sestio
1173 1289 1232 1333 20,
1263 1289 1310 1324 46
1344 1302 1421 1324 cum
1447 1302 1525 1324 vero
1551 1291 1590 1324 in

140 1393 144 1399 ι
177 1348 266 1382 hanc
291 1347 501 1394 reipublicae
526 1360 648 1382 navem
674 1349 800 1395 ereptis
827 1350 964 1382 senatza¹
989 1348 1231 1391 gubernaculis
1248 1349 1446 1394 fluitantem
1463 1350 1502 1382 in
1519 1348 1588 1383 alto

177 1407 433 1453 tempestatibus
471 1408 679 1442 seditionum
718 1421 759 1443 ac
796 1408 1055 1443 discordiarum
1094 1410 1179 1453 etqs.
1245 1406 1364 1453 Itaque
1395 1410 1429 1443 et
1459 1409 1588 1442 incerto

176 1468 289 1501 animi
312 1479 427 1501 errore
443 1467 590 1512 fluitare
616 1469 734 1512 aptum
764 1471 838 1501 erat
865 1467 923 1511 (cf.
940 1466 985 1501 IV
1010 1467 1099 1501 1069
1118 1468 1269 1512 fluctuat
1293 1469 1433 1502 incertis
1459 1468 1589 1501 errori-

175 1526 236 1561 bus
269 1527 378 1561 ardor
410 1523 603 1572 amantum)
643 1530 677 1561 et
715 1528 845 1561 ‘incerto
885 1527 997 1561 animi
1026 1539 1141 1561 errore
1176 1528 1302 1573 vayarz'
1333 1537 1394 1572 per
1428 1536 1464 1560 se
1497 1525 1587 1561 idem

175 1586 386 1621 enuntiabat.
441 1585 673 1621 Wakefieldus
701 1589 881 1632 comparat
907 1585 976 1621 Cic.
996 1585 1037 1621 de
1066 1585 1149 1620 offic.
1177 1585 1217 1620 11.
1244 1586 1277 1630 2,
1307 1587 1325 1621 7
1355 1598 1502 1632 quorum
1527 1599 1587 1620 va-

171 1653 272 1693 θείαν
302 1648 441 1681 animus
475 1659 592 1682 errore
617 1659 678 1681 nec
703 1646 827 1681 habeat
853 1658 1020 1692 umquam
1047 1646 1133 1692 quid
1158 1652 1339 1692 sequatur,
1373 1644 1427 1679 cui
1460 1644 1589 1679 adicias

174 1705 217 1740 de
256 1709 341 1741 orat.
367 1705 423 1741 111.
450 1707 510 1750 49,
541 1707 609 1741 190
636 1719 677 1741 ne
694 1707 788 1753 fluat
814 1707 940 1749 oratio,
967 1717 1010 1739 ne
1035 1711 1188 1751 vayetur.
1241 1704 1299 1739 Bis
1327 1707 1440 1739 autem
1469 1703 1588 1740 eadem

176 1775 214 1799 re
242 1775 407 1808 expressa
425 1764 694 1799 inconstantiam
715 1764 865 1798 hominis
893 1763 985 1798 illius
1013 1764 1125 1798 acrius
1145 1767 1178 1799 et
1197 1763 1403 1798 luculentius
1422 1763 1588 1798 illustrari

172 1822 281 1868 liquet
307 1823 357 1858 ita
384 1826 421 1858 ut
447 1823 482 1857 in
512 1834 541 1857 v.
563 1822 607 1857 V1
639 1824 705 1857 141
737 1820 889 1867 (ventus)
916 1823 1057 1858 arbusta
1085 1824 1240 1858 evolvens
1266 1822 1445 1857 radicibus
1471 1822 1589 1857 haurit

173 1882 215 1917 ab
242 1884 323 1917 imis
357 1881 408 1916 vis
436 1882 530 1917 venti
564 1885 709 1926 augetur
743 1885 776 1916 et
807 1881 1003 1927 duplicatur
1029 1881 1159 1929 duplici
1191 1881 1345 1917 adhibita
1378 1882 1428 1916 rei
1455 1880 1587 1925 signifi-

173 1941 319 1977 catione.
360 1940 554 1976 Hauriendi
581 1940 671 1976 enim
692 1940 795 1976 verbo
814 1941 935 1976 audaci
954 1940 1157 1988 metaphora
1175 1941 1257 1976 item
1277 1944 1380 1987 atque
1399 1940 1587 1976 evolvendo

173 2000 315 2036 arbores
349 2003 557 2047 tempestate
595 2011 735 2036 eversae
771 2000 1008 2045 significantur
1043 2012 1105 2037 nec
1138 2001 1212 2036 sine
1244 2000 1356 2036 fructu
1396 1999 1475 2035 huic
1512 1999 1587 2035 loco

172 2060 390 2106 comparabis
422 2071 560 2095 versum
589 2059 689 2094 Ovidi
716 2060 750 2094 in
778 2059 859 2095 Met.
885 2059 933 2095 XI
963 2057 1090 2106 186s87
1126 2058 1256 2105 (Midae
1284 2070 1402 2095 servus
1431 2058 1587 2104 humum)

173 2120 292 2165 effodit
318 2126 348 2154 et
374 2120 511 2154 domini
536 2120 654 2165 quales
681 2120 881 2166 adspexerit
906 2132 1008 2154 aures
1036 2119 1120 2154 Voce
1146 2119 1252 2165 refert
1272 2132 1391 2166 parca
1409 2126 1588 2164 terraeque

176 2181 413 2214 inmurmurat
436 2179 581 2214 haustae
604 2178 636 2213 h.
657 2190 685 2214 e.
705 2180 847 2225 effossae
871 2182 904 2214 et
918 2178 998 2214 XIII
1013 2176 1146 2225 425s26
1165 2175 1336 2225 (Hecuba)
1354 2185 1467 2213 tamen
1483 2179 1588 2211 unius

174 2239 289 2274 hausit
315 2239 426 2285 Inque
451 2241 531 2274 sinu
565 2240 693 2274 cineres
724 2252 837 2274 secum
871 2239 950 2273 tulit
981 2238 1140 2273 Hectoris
1180 2239 1329 2272 haustos.
1369 2255 1415 2259 —-
1448 2235 1485 2271 In
1518 2236 1587 2271 illis

177 2297 283 2342 igitur
316 2297 485 2344 exemplis
525 2308 602 2333 cum
637 2297 862 2344 participium
890 2296 995 2332 verbo
1023 2296 1119 2332 finito
1147 2296 1347 2331 adiunctum
1376 2296 1450 2330 iure
1478 2296 1587 2342 possit

176 2357 308 2402 putari,
347 2357 400 2392 his
438 2357 572 2393 duobus
607 2357 690 2393 locis
718 2357 747 2392 V
777 2355 883 2403 76s'77
918 2359 952 2391 et
979 2355 1007 2390 V
1043 2357 1109 2391 107
1147 2357 1230 2391 solis
1263 2368 1384 2391 cursus
1419 2355 1588 2403 lunaeque

174 2422 306 2450 meatus
332 2418 525 2462 Eoepedz'am
552 2429 621 2462 qua
651 2419 685 2450 vi
699 2418 819 2462 flectat
845 2422 974 2450 natura
996 2415 1196 2460 yabernans
1221 2418 1254 2449 et
1273 2416 1367 2461 qaod
1386 2434 1430 2438 -—
1449 2430 1470 2449 a
1487 2416 1587 2450 nobis

163 2475 286 2523 flectat
300 2474 454 2521 fortuna
478 2476 689 2522 ¹‹jabet-nans,
718 2474 941 2522 participium
961 2485 1028 2509 non
1056 2478 1126 2509 tam
1147 2474 1250 2509 verbo
1269 2473 1461 2509 addendum
1483 2485 1585 2520 qnam
