1835 2765
832 33 879 69 85

152 137 325 173 conemur,
352 140 462 175 neque
488 129 619 176 dubito,
646 130 728 176 quin
747 130 870 166 Munro
897 131 983 166 illud
1009 132 1171 178 mortifer
1196 139 1320 176 aestus,
1347 132 1447 178 quod'
1463 132 1553 179 apud

149 185 360 223 Macrobium
394 193 566 225 servatum
600 194 671 235 est,
710 201 729 225 a
754 189 976 226 Lachmanno
1010 190 1138 225 iniuria
1171 190 1375 235 denegatum
1403 195 1494 226 reete
1521 196 1555 227 et

151 245 248 282 docte
273 248 476 294 restituerit,
503 250 709 295 praesertim
736 260 813 285 cum
840 261 959 285 versus
986 250 1036 285 sic
1062 249 1097 284 in
1124 248 1191 284 fine
1218 249 1368 285 mutilati
1394 250 1430 285 in
1456 253 1554 286 textu

148 305 354 343 Lucretiano
382 308 518 355 saepius
545 308 642 344 nobis
679 307 902 355 occurrant1).
956 308 1024 344 Sed
1055 308 1255 354 redeamus,
1288 309 1316 344 si
1349 309 1479 356 placet,
1512 310 1554 344 ad

149 365 261 402 locum
289 367 385 402 illum
413 367 503 403 unde
531 369 659 412 egressi
686 380 817 414 sumus,
847 368 999 403 nondum
1028 368 1130 414 plane
1149 368 1383 414 explanatum.
1423 368 1461 404 In
1487 369 1556 405 illis

149 426 239 460 enim
273 437 359 472 quae
386 437 521 462 versum
550 426 595 462 IV
622 428 667 463 92
694 427 906 474 praecedunt
940 428 975 462 in
1010 427 1184 462 codicibus
1212 426 1295 462 haec
1321 427 1451 474 scripta
1476 431 1557 463 sunt

149 498 189 521 ex
216 486 285 522 alto
312 488 396 533 quia
421 487 502 521 dum
528 489 679 531 veniunt,
715 489 923 523 extrinsecus
951 494 1046 523 ortae
1072 498 1092 522 a
1124 498 1207 522 sana
1234 487 1406 523 sententia
1431 487 1555 533 aliena,

149 546 215 581 nisi
244 547 319 592 quis
345 558 421 581 cum
449 545 659 582 Wakefieldo
687 547 791 582 verba
817 547 866 581 sic
893 547 1079 591 coniungat
1105 560 1146 582 ex
1172 548 1255 591 alto,
1283 549 1368 594 quia
1394 549 1476 582 dum
1502 561 1557 582 ve-

149 607 252 641 niunt
278 607 499 650 extrinsecus,
528 613 633 647 ortae,
661 605 749 641 haud
778 605 865 641 belle
893 616 931 641 ae
957 617 1000 641 ne
1026 606 1104 641 usui
1130 606 1300 642 sermonis
1319 606 1457 652 quidem
1476 617 1557 642 con-

149 666 341 709 venientem
369 677 447 700 nam
476 668 684 701 eaetrinsecus
701 666 809 711 foras
841 664 1038 709 significans
1072 666 1164 711 apud
1189 665 1332 700 Latinos
1369 666 1556 712 scriptores

149 735 218 759 non
244 724 429 759 invenitur.
482 724 600 770 ltaque
628 725 694 759 iam
715 723 903 759 Lambinus
931 728 964 759 et
990 723 1148 759 Gifanius
1176 735 1256 760 voce
1283 726 1493 761 extrinsecus
1520 726 1556 760 in

148 785 355 818 intrinsecus
382 787 514 819 mutata
532 784 738 818 sententiam
758 784 842 818 satis
862 784 1072 829 probabilem
1093 785 1352 828 constituerant,
1380 784 1448 819 nisi
1466 785 1557 830 quod

154 842 230 887 quis
256 841 291 876 in
319 841 372 876 his
399 842 512 877 verbis
540 854 580 877 em
606 842 675 876 alto
703 843 786 876 dum
810 844 951 876 veniunt
976 845 1010 876 et
1035 844 1240 877 intrinsecus
1269 850 1363 878 ortae
1389 843 1440 878 bis
1464 843 1554 878 idem

151 900 279 935 dictum
308 912 383 936 esse
409 904 500 936 recte
528 912 700 947 opponere
728 905 851 947 potest.
896 900 1023 936 Contra
1041 900 1280 936 Lachmannus
1308 902 1342 937 in
1362 913 1444 937 voce
1463 910 1558 937 ortae

150 960 266 1007 potius
293 971 313 995 a
339 959 480 996 librario
515 964 693 1007 peccatum
727 971 800 996 esse
826 960 978 1008 putavit,
1013 961 1073 996 sed
1107 971 1146 996 ea
1173 972 1274 1007 quam
1301 961 1476 1006 ingressus
1504 965 1558 997 est

152 1020 402 1056 emendationis
437 1021 491 1056 via
518 1020 602 1056 mihi
628 1021 787 1056 infestior
819 1020 956 1056 videtur
982 1032 1085 1066 quam
1122 1024 1158 1055 ut
1183 1021 1293 1055 virum
1321 1020 1557 1056 doctissimum

150 1080 185 1114 in
214 1080 276 1115 hac
310 1080 447 1126 quidem
481 1091 518 1115 re
550 1080 645 1126 sequi
680 1080 837 1116 audeam.
896 1079 990 1122 Quae
1023 1080 1113 1116 enim
1149 1079 1206 1114 ille
1238 1079 1384 1115 coniecit
1415 1093 1456 1115 eac
1487 1081 1557 1116 alto

153 1141 237 1187 quia
263 1141 345 1174 dum
377 1142 533 1184 veniunt,
567 1142 775 1175 extrinoeeus
807 1147 892 1176 torte
927 1139 1011 1175 baec
1043 1140 1092 1175 ita
1119 1143 1200 1175 sunt
1227 1141 1444 1186 comparata,
1477 1142 1515 1173 ut
1540 1149 1560 1174 a.

153 1201 254 1245 poeta
287 1210 326 1233 ea
352 1199 506 1245 profecta
538 1210 613 1234 esse
639 1200 697 1234 vix
725 1199 907 1245 quisquam
934 1199 1061 1234 credat.
1123 1199 1243 1245 Itaque
1280 1199 1388 1234 tutius
1414 1198 1562 1243 videtur,

153 1258 322 1293 sententia
347 1257 559 1294 Lachmanni
597 1262 630 1294 et
661 1258 725 1294 hac
756 1259 813 1294 via
845 1258 985 1294 omnino
1018 1258 1184 1294 derelicta
1211 1258 1252 1293 ad
1290 1257 1434 1293 alteram
1465 1257 1561 1292 illam

152 1318 278 1363 redire,
305 1329 407 1364 quam
433 1318 580 1353 fortasse
607 1318 656 1354 ita
683 1318 793 1363 magis
819 1317 1049 1363 firmabimus,
1075 1321 1114 1353 ut
1132 1329 1249 1353 vocem
1268 1319 1476 1353 intrinsecus
1494 1327 1563 1352 non

154 1388 231 1412 cum
260 1377 440 1423 participio
469 1385 561 1413 ortae
587 1377 647 1413 sed
673 1388 749 1413 cum
777 1377 880 1413 verbo
906 1379 1112 1413 scinduntur
1138 1378 1332 1421 iungamus.
1386 1376 1443 1411 Sic
1469 1376 1561 1411 enim

153 1435 216 1471 hoe
231 1439 349 1482 aptum
365 1436 572 1471 contrarium
589 1435 751 1472 efficitur:
779 1444 811 1472 et
825 1439 1032 1472 intrinsecus
1051 1438 1267 1480 scindantur,
1288 1437 1371 1471 dum
1386 1437 1559 1480 oriuntur,

155 1503 185 1531 et
208 1498 248 1531 in
273 1498 365 1531 exitu
395 1498 482 1543 ipso.
541 1496 728 1542 Participia
761 1500 874 1531 autem
909 1496 968 1531 illa
1000 1504 1095 1532 ortae
1120 1500 1154 1531 et
1182 1503 1318 1531 coortae
1349 1505 1559 1541 quamquam

154 1566 410 1601 supervacanea
436 1559 549 1590 tamen
578 1556 620 1591 ab
639 1556 776 1591 Lucreti
805 1555 995 1590 elocutione
1022 1566 1089 1590 non
1116 1555 1301 1590 abhorrere
1328 1559 1430 1589 antea
1449 1554 1560 1589 docui.

155 1634 200 1638 —
227 1613 357 1649 Eadem
392 1615 525 1649 ratione
558 1614 680 1650 deinde
714 1615 817 1650 etiam
852 1615 1072 1661 participium
1108 1622 1264 1662 repertus
1302 1624 1559 1659 nonnumquam

154 1673 290 1709 abunde
316 1673 469 1709 additum
499 1674 645 1708 videtur.
689 1674 846 1720 Apparet
870 1673 935 1709 hoc
960 1673 996 1708 in
1022 1684 1072 1708 vs.
1096 1672 1126 1707 V
1156 1671 1310 1719 1276s78
1332 1685 1445 1720 porro
1472 1673 1562 1707 aliut

155 1734 305 1768 succedit
330 1741 359 1769 et
385 1747 401 1768 e
428 1734 674 1780 contemptibus
701 1735 787 1777 eoez‘t,
822 1734 934 1780 Inque
960 1734 1032 1768 dies
1058 1735 1169 1779 mayis
1196 1734 1372 1779 adpetitur
1389 1733 1562 1778 floretque

153 1800 326 1839 repertum
351 1793 533 1827 Laudibus
566 1796 600 1826 et
632 1802 749 1826 carere
776 1803 959 1837 possumus
992 1791 1175 1837 participio
1208 1792 1311 1826 etiam
1345 1790 1374 1825 V
1407 1787 1560 1835 1412s'13

152 1854 392 1900 posteriorque
406 1852 488 1898 fere
518 1851 640 1886 melior
665 1864 718 1886 res
744 1851 807 1885 illa
833 1848 984 1896 (priora,
1011 1850 1047 1884 in
1074 1861 1122 1885 vs.
1153 1850 1247 1885 1410
1256 1847 1316 1895 (11
1355 1846 1562 1894 significata)

153 1918 292 1959 reperta
318 1912 438 1946 Perdit
463 1919 494 1946 et
517 1913 667 1945 inmutat
697 1922 815 1945 sensus
841 1911 889 1944 ad
911 1911 1064 1956 pristina
1092 1922 1248 1955 quaeque
1274 1912 1307 1943 et
1334 1908 1347 1942 I
1375 1908 1445 1943 247
1480 1909 1563 1942 dum

154 1972 239 2006 satis
265 1972 357 2005 acris
390 1970 449 2005 Vis
477 1971 574 2005 obeat
593 1982 663 2016 pro
690 1976 825 2004 textura
853 1970 1017 2014 cuiusque
1043 1976 1191 2015 reperta.
1243 1966 1314 2002 Nec
1346 1966 1483 2002 diversa
1510 1969 1563 2001 est

155 2040 209 2065 res
236 2029 270 2064 in
299 2029 483 2075 participio
509 2031 618 2064 victus
645 2031 679 2063 et
705 2028 781 2063 aliis
809 2027 933 2063 similis
951 2026 1203 2072 translationis,
1231 2037 1318 2072 quae
1346 2026 1459 2061 studio
1479 2037 1562 2071 quo-

155 2089 233 2124 dam
254 2093 355 2135 poeta
373 2100 630 2134 nonnumquam
646 2088 695 2123 sic
713 2088 904 2123 sententiae
922 2087 1079 2131 inseruit,
1099 2090 1137 2121 ut
1154 2086 1255 2121 facile
1274 2086 1392 2121 deesse
1411 2085 1562 2132 possint3

155 2149 375 2184 conferantur
400 2159 519 2184 versus
547 2147 576 2183 ΙΙ
604 2149 670 2184 291
701 2145 759 2194 (ne
786 2143 898 2193 mens)
933 2147 1066 2182 devicta
1098 2148 1202 2193 quasi
1231 2147 1270 2181 id
1301 2152 1446 2192 θυραίαν
1460 2145 1565 2191 ferre

153 2211 309 2257 patique,
337 2208 366 2242 V
388 2208 480 2243 1269
503 2207 639 2243 cedebat
660 2209 750 2243 victa
771 2213 922 2253 potestas
948 2204 1039 2252 (auri
1065 2209 1099 2240 et
1124 2202 1286 2250 argenti),
1313 2204 1327 2239 I
1346 2205 1417 2240 624
1445 2204 1473 2238 V
1493 2205 1565 2240 343

154 2270 263 2303 victus
278 2269 420 2315 fateare
444 2274 618 2312 necessest,
646 2266 676 2301 V
706 2267 772 2303 109
799 2267 972 2301 succidere
997 2266 1179 2301 horrisono
1202 2276 1306 2310 posse
1332 2266 1448 2299 omnia
1474 2266 1566 2299 victa

254 2355 277 2391 1)
299 2355 377 2385 Vide
398 2363 475 2393 quae
496 2355 533 2384 de
555 2354 611 2384 hoc
631 2362 722 2383 versu
743 2353 885 2382 disseruit
906 2352 1059 2382 Vahlenus
1080 2352 1126 2381 vir
1147 2351 1332 2380 clarissimus
1353 2351 1383 2379 in
1406 2354 1496 2380 acuta
1515 2351 1566 2379 illa

156 2404 358 2442 disputatione
373 2405 411 2434 de
422 2404 574 2442 prooemio
587 2404 776 2433 Lucretiano.
799 2401 1052 2432 Monatsberichte
1066 2401 1119 2430 der
1134 2401 1253 2438 Konigl.
1267 2401 1387 2430 Preuss.
1401 2400 1565 2430 Academie

156 2454 209 2483 der
231 2453 493 2483 Wissenschaften
514 2462 539 2483 a.
557 2454 632 2483 1877
653 2461 682 2490 p.
698 2452 814 2489 490s91.
