1835 2765
907 50 954 87 70

225 161 259 197 p.
284 150 353 186 155
367 149 412 190 a.)
464 148 559 184 Haec
586 149 742 195 exposui,
771 149 853 195 quia
879 152 959 196 apte
985 148 1076 183 viam
1105 135 1202 183 uobis
1231 148 1394 194 aperiunt
1411 148 1454 183 ad
1473 149 1637 184 nonnulla

222 207 380 254 exempla
406 207 628 253 Lucretiana,
661 208 697 243 in
731 208 855 254 quibus
889 208 1012 244 similis
1045 209 1211 243 orationis
1243 207 1330 243 ratio
1365 207 1464 242 nobis
1492 208 1634 243 ocurrit.

221 267 297 302 Huc
324 268 414 302 enim
442 267 567 312 refero,
601 268 691 313 quod
718 279 738 302 a
764 271 867 314 poeta
892 268 1001 303 tribus
1028 267 1112 302 locis
1140 267 1318 303 adiectivis
1345 268 1519 311 assiduus,
1551 280 1635 313 per-

214 333 354 373 petuus,
381 333 541 361 aeternus
566 326 602 361 in
630 326 749 362 eodem
776 327 953 362 enuntiato
973 326 1171 361 adverbium
1191 338 1323 373 semper
1341 325 1498 360 additur:
1528 325 1540 359 1
1561 326 1633 361 995

221 398 355 434 semper
378 387 417 421 in
444 387 586 422 assiduo
612 393 706 422 motu
724 400 778 422 res
797 399 951 434 quaeque
967 393 1147 434 yeruntur,
1176 385 1222 421 ΙΙΙ
1244 387 1287 422 13
1311 392 1481 433 perpetua
1499 397 1633 433 semper

222 447 431 492 diqnissima
455 449 545 490 vita,
582 446 607 480 V
635 447 707 482 325
734 460 934 493 semperque
964 454 1103 481 aeterna
1124 447 1239 491 fuere.
1292 445 1380 480 Num
1416 445 1468 480 his
1500 456 1634 490 quoque

221 504 307 540 locis
335 515 546 551 quamquam
573 503 612 539 fit
638 505 811 550 quaedam·
834 505 999 540 orationis
1027 506 1182 549 ubertas,
1216 515 1292 540 eum
1321 503 1481 539 adverbio
1509 503 1635 538 omisso

223 565 258 600 in
287 567 492 609 argumento
519 565 711 599 sententiae
738 563 824 598 nihil
842 564 1068 608 desideretur,
1096 563 1181 599 illud
1200 577 1334 612 semper
1359 566 1473 599 tamen
1501 563 1550 598 ita
1569 575 1636 604 non

224 625 348 661 inutile
375 628 428 659 est
454 624 618 658 orationis
656 623 948 668 additamentum,
980 627 1018 658 ut
1051 623 1125 658 sine
1156 623 1259 659 dubio
1297 623 1536 659 continuitatis
1567 633 1635 658 non

224 684 443 719 intermissae
469 686 567 717 tenor
593 682 733 727 gravius
761 681 935 717 efferatur.
986 681 1105 728 Neque
1133 681 1187 718 hic
1214 685 1268 718 est
1293 694 1375 719 usus
1393 682 1530 719 Lucreti
1557 693 1636 728 pro-

225 744 322 790 prius
350 742 409 777 sed
436 745 471 777 et
488 742 613 777 Graeci
639 741 802 777 adverbio
830 739 885 777 ἇεί
911 741 1030 777 eodem
1059 753 1161 788 saepe
1189 741 1311 777 effectu
1331 744 1475 777 utuntur
1494 745 1528 777 et
1545 741 1635 788 apud

224 802 342 838 Latini
370 801 540 837 sermonis
567 801 753 847 scriptores
786 800 914 837 similia
947 805 1131 837 occurrunt
1162 813 1230 836 non
1257 801 1367 837 solum
1393 801 1487 848 apud
1514 805 1634 848 poetas

224 861 278 904 (cf.
301 859 425 896 Catull.
446 861 505 905 63,
533 861 592 905 90,
619 859 719 895 Ovid.
739 860 832 896 Fast.
852 863 887 905 4,
914 862 998 903 686,
1025 860 1105 896 Met.
1125 860 1139 895 I
1158 858 1245 906 565)
1273 860 1331 897 sed
1359 861 1461 896 etiam
1480 861 1516 896 in
1534 871 1637 907 prosa

223 921 379 956 oratione
407 919 462 963 (cf.
483 919 553 955 Cic.
574 931 623 955 or.
643 931 706 966 pro
733 920 832 955 Rosc.
852 921 930 956 Am.
956 922 1010 965 18,
1038 921 1079 955 51
1112 934 1188 955 cum
1213 922 1291 955 ruri
1315 922 1477 956 assiduus
1504 933 1637 967 semper

222 977 373 1025 vaserit).
410 999 454 1003 —
483 978 640 1014 Pertinet
671 982 786 1014 autem
818 979 853 1014 id
885 979 974 1025 quod
1008 978 1198 1023 significavi
1231 990 1339 1024 genus
1367 979 1501 1014 dicendi
1529 979 1634 1014 etiam

224 1039 267 1075 ad
294 1039 380 1074 talia
407 1038 585 1085 exempla:
614 1038 659 1074 lV
682 1040 773 1074 1108
786 1052 905 1086 parva
924 1040 972 1088 fit
989 1040 1127 1074 ardoris
1145 1039 1288 1074 violenti
1298 1052 1417 1085 pausa
1428 1050 1635 1085 parumper,

223 1099 270 1135 IV
300 1100 395 1135 1154
422 1106 494 1134 tota
519 1112 651 1134 merum
677 1099 741 1142 sal,
777 1098 821 1132 1V
854 1099 942 1134 1033
971 1111 1012 1133 eae
1043 1099 1179 1133 homine
1211 1099 1400 1133 humanum
1430 1111 1541 1133 semen
1574 1099 1638 1133 ciet

224 1174 297 1196 una
322 1160 472 1194 hominis
505 1160 568 1202 vis,
611 1157 655 1192 VI
685 1158 778 1192 1162
812 1160 969 1204 corporis
1000 1160 1037 1192 in
1076 1170 1207 1192 summo
1246 1170 1415 1192 summam
1449 1158 1638 1202 fervescere

221 1227 362 1266 partem
389 1222 423 1253 et
449 1217 491 1252 ad
519 1217 657 1252 crebros
684 1216 760 1251 illos
786 1216 878 1251 locos
906 1216 963 1251 ubi
992 1219 1028 1251 ut
1054 1217 1089 1251 in
1118 1228 1166 1251 vs.
1186 1216 1233 1251 ΙΙΙ
1261 1217 1331 1251 218
1359 1216 1503 1261 (anima)
1529 1218 1639 1251 omnis

228 1278 291 1312 ubi
323 1290 339 1311 e
365 1284 433 1311 toto
467 1279 539 1310 iam
571 1289 714 1322 corpore
747 1278 863 1319 cessit,
898 1275 911 1309 Ι
940 1276 1012 1310 984
1045 1278 1197 1322 spatium
1223 1277 1373 1310 summai
1398 1278 1637 1319 totiusvomne,

228 1336 261 1371 II
289 1337 360 1371 274
387 1337 561 1370 materiem
588 1337 690 1370 totius
717 1336 876 1382 corporis
895 1347 1039 1379 omnem,
1069 1333 1112 1368 VI
1139 1335 1209 1369 679
1236 1335 1289 1369 m’l
1314 1336 1384 1370 sint
1408 1336 1455 1370 ad
1472 1347 1640 1369 summam

229 1397 380 1429 summai
409 1396 512 1429 totius
545 1407 642 1429 omne
673 1405 758 1438 quos
791 1394 940 1439 exempli
974 1404 1078 1428 causa
1110 1392 1234 1438 affero,
1265 1393 1437 1429 adiectiva
1470 1396 1580 1428 omnis
1607 1397 1641 1428 et

228 1460 317 1489 totus
344 1463 410 1487 non
439 1453 512 1487 sine
530 1452 702 1487 rhetorica
728 1452 761 1487 vi
790 1452 903 1498 posita
922 1452 1068 1487 alterum
1097 1451 1205 1487 altero
1232 1451 1440 1487 adiuvantur
1458 1450 1516 1498 (cf.
1536 1452 1639 1487 etiam

227 1515 242 1548 1
263 1510 390 1558 810f11
417 1514 486 1547 vita
501 1531 546 1535 —
568 1514 678 1547 omnis
696 1512 863 1547 Omnibus
883 1524 899 1546 e
917 1513 1030 1546 nervis
1049 1518 1151 1558 atque
1170 1511 1302 1546 ossibus
1321 1509 1545 1557 exsolvatur),
1566 1511 1641 1556 qui-

228 1572 290 1607 bus
317 1582 518 1617 comparare
545 1571 736 1617 poterimus
763 1570 794 1605 II
822 1572 895 1606 520
921 1572 1071 1617 ancipiti
1096 1572 1261 1617 quoniam
1287 1572 1446 1606 mucroni
1469 1572 1642 1617 utrimque

225 1638 409 1675 notantur,
445 1630 492 1666 IV
524 1632 589 1666 168
625 1632 777 1677 undique
810 1633 863 1666 uti
888 1630 1043 1665 tenebras
1071 1632 1180 1665 omnis
1206 1630 1406 1665 Acherunta
1439 1632 1550 1665 rearis
1576 1630 1641 1665 Li-

228 1693 362 1737 qu'z'sse,
400 1689 444 1724 VI
472 1691 544 1725 522
573 1692 669 1725 omni
698 1691 801 1736 vulqo
835 1691 876 1724 de
903 1696 1008 1736 parte
1024 1690 1213 1734 feruntur,
1249 1689 1276 1723 V
1310 1687 1441 1735 597s'98
1475 1702 1516 1724 em
1548 1691 1643 1724 omni

227 1750 357 1784 mundo
387 1768 428 1773 —
468 1749 626 1796 Undique
653 1748 695 1783 cf.
715 1747 812 1783 Caes.
834 1747 865 1782 b.
885 1746 973 1782 Gall.
994 1746 1007 1781 I
1025 1748 1071 1782 39
1090 1748 1188 1794 volyo
1208 1750 1286 1783 totis
1305 1750 1425 1783 castris
1444 1755 1641 1784 testamenta

228 1809 514 1856 obsiqnabantm·,
545 1820 631 1854 quae
660 1808 777 1843 omnia
804 1818 1010 1853 quamquam
1039 1818 1115 1842 cum
1137 1807 1291 1843 ubertate
1309 1808 1455 1853 quadam
1476 1808 1641 1844 orationis

229 1869 322 1904 dicta
350 1872 465 1903 tamen
491 1867 737 1911 distinguenda
755 1871 834 1902 sunt
854 1867 895 1901 ab
915 1866 972 1901 illo
992 1867 1078 1902 meri
1096 1867 1286 1913 pleonasmi
1306 1878 1442 1913 genere,
1470 1879 1536 1914 quo
1554 1867 1641 1904 nihil

227 1928 420 1964 sententiae
447 1927 609 1973 ponderis
638 1926 795 1962 efficitur.
825 1946 869 1950 —
897 1925 1179 1972 Quandoquidem
1208 1927 1274 1962 iam
1304 1927 1515 1973 quaestionis
1538 1939 1640 1963 cursu

227 1988 270 2023 ad
289 1987 380 2022 hunc
398 1997 526 2022 novum
546 1985 787 2021 adverbiorum
816 1988 850 2021 et
867 1986 1115 2022 adiectivorum
1134 1998 1233 2022 usum
1254 1986 1485 2022 abundantem
1505 1986 1640 2032 deflexi,

229 2047 283 2083 hic
310 2046 459 2092 denique
486 2057 593 2081 unum
620 2045 732 2081 locum
754 2045 837 2081 mihi
865 2045 967 2081 liceat
986 2046 1132 2091 adicere,
1160 2046 1218 2081 ubi
1245 2047 1327 2082 item
1346 2046 1508 2082 rhetorici
1527 2047 1641 2082 cuius·

227 2106 307 2141 dam
337 2106 441 2141 studii
471 2105 617 2149 vestigia
645 2105 900 2151 deprehendere
924 2105 1007 2140 mihi
1028 2105 1158 2150 videor,
1185 2117 1305 2141 versus
1323 2105 1337 2140 Ι
1356 2103 1490 2151 969s70
1515 2108 1641 2152 siquis

226 2173 415 2213 procurrat
440 2167 488 2200 acl
514 2178 595 2200 oras
627 2164 772 2200 Ultimus
800 2173 968 2200 extremas
994 2167 1169 2212 iaciatque
1194 2166 1334 2200 volatile
1360 2166 1475 2209 telum,
1504 2165 1539 2200 in
1566 2165 1641 2210 qui—

230 2225 291 2259 bus
317 2224 402 2260 illud
430 2226 570 2260 ultimus
590 2224 782 2260 Bentleium
804 2225 888 2259 adeo
908 2223 1062 2269 offendit,
1091 2228 1128 2259 ut
1146 2227 1311 2259 nuncium
1331 2227 1451 2270 poetae
1470 2223 1641 2260 inculcare

230 2284 364 2329 mallet,
396 2285 454 2331 qui
486 2295 568 2320 sane
602 2284 754 2329 graviter
782 2284 969 2328 claudicat,
1004 2283 1323 2319 Bockemuellerum
1352 2286 1465 2319 autem
1492 2283 1641 2329 induxit,

230 2346 269 2377 ut
295 2343 398 2378 verba
423 2346 456 2378 si
480 2346 558 2390 qais
586 2345 728 2379 ultimus
755 2343 938 2378 cohaerere
966 2343 1152 2378 arbitratus
1180 2355 1247 2378 non
1276 2342 1362 2377 belle
1381 2354 1421 2377 ea
1439 2343 1488 2377 ita
1507 2343 1640 2379 intelle-

230 2404 343 2445 geret:
381 2404 413 2436 δι’
439 2405 516 2448 quis
542 2404 659 2438 incola
685 2403 827 2438 ultimae
861 2415 952 2438 orae.
1006 2400 1115 2436 Multo
1142 2401 1257 2448 aptius
1282 2400 1406 2436 Munro
1433 2401 1639 2437 adieetivum

231 2462 372 2496 ultimus
399 2472 475 2496 cum
504 2462 653 2509 prolepsi
681 2462 810 2498 dictum
839 2462 886 2498 sic
913 2462 1176 2508 interpretatur:
1203 2462 1251 2497 ad
1276 2468 1442 2497 extremas
1461 2475 1540 2498 oras
1556 2476 1640 2511 pro-
