1835 2765
884 34 930 72 87

204 131 249 168 IV
269 133 400 181 869s70
426 146 587 182 corpora,
616 147 704 182 quae
729 134 901 170 stomacho
922 134 1094 182 praebent
1111 135 1275 169 incendia
1300 140 1416 169 nostro
1436 133 1611 181 Dissupat

204 193 390 229 adveniene
417 194 533 242 liquor
558 207 599 230 αο
624 196 806 243 reetinquit
830 201 869 230 ut
892 196 1017 242 iqnem,
1044 193 1088 230 cf.
1106 192 1152 229 VI
1176 190 1308 241 232l33
1336 194 1453 229 omnia
1479 194 1610 228 circum

204 251 375 289 Conlaaat
404 266 552 301 rareque
574 254 672 301 facit
701 251 908 290 lateramina
937 255 1031 289 vasis
1061 254 1259 288 Adveniens
1292 253 1389 288 calor
1424 254 1497 287 eiue
1529 246 1609 295 (ful-

206 308 324 358 minis)
351 314 385 348 et
403 311 448 348 VI
466 313 537 349 266
563 325 624 349 nec
649 320 743 349 tanto
764 319 909 361 possent
933 314 1102 348 venientes
1127 309 1265 358 (nubes)
1293 312 1490 359 opprimere
1505 310 1611 346 imbri

205 371 265 413 (sc.
294 371 441 417 terras),
480 372 626 419 denique
653 372 699 408 VI
725 372 796 409 215
834 386 918 408 nam
955 385 1033 407 cum
1068 378 1187 407 ventus
1226 384 1283 406 eae
1316 370 1453 415 (nubes)
1493 370 1610 406 leviter

204 430 339 466 diducit
368 433 478 467 euntia
503 432 745 479 Dissoluitque
777 434 811 467 et
836 430 883 466 ΙΙΙ
910 428 1015 478 20121
1050 442 1160 477 neque
1193 431 1256 465 nix
1281 449 1328 453 —
1354 429 1450 464 Cana
1484 430 1609 464 cadens

203 489 312 525 violat
339 488 401 537 (sc.
429 490 527 526 sedes
554 490 724 536 deorum),
751 501 960 537 quamquam
986 489 1043 525 hic
1068 488 1204 534 Munro,
1233 492 1270 524 ut
1295 487 1516 535 participium
1543 486 1610 523 ful-

205 547 349 594 ciretur,
390 549 495 585 verba
532 563 620 585 cana
659 552 783 586 cadens
822 550 924 593 (with
956 550 1068 596 hoary
1085 549 1180 595 fall)
1220 548 1311 583 inter
1349 558 1385 583 se
1419 547 1609 583 coniunxit.

204 604 332 643 Contra
358 607 425 644 alio
451 607 543 653 loco,
586 608 631 644 VI
656 606 807 656 459s60‚
828 610 875 654 fit
899 621 1034 656 quoque
1060 610 1113 644 uti
1136 609 1261 644 montis
1287 608 1404 643 vicina
1429 608 1610 642 cacumina

206 667 297 702 caelo
318 666 431 712 Quam
457 669 527 703 sint
552 681 687 715 quoque
712 670 836 715 mayie,
863 675 957 704 tanto
985 669 1097 715 maqis
1124 668 1217 703 edita
1231 667 1376 713 fument
1394 686 1437 691 —
1463 667 1612 713 caliyine

205 737 334 770 crassa,
364 726 421 762 ubi
448 727 540 762 vocis
567 728 660 763 edita
686 727 859 762 sententia
884 727 998 762 inanis
1025 729 1090 772 est,
1117 726 1148 762 si
1174 737 1250 762 eam
1271 725 1493 773 participium
1521 725 1610 760 acci-

206 784 331 830 pimus,
359 784 495 828 (Munro
523 786 627 821 vertit
652 794 689 821 at
719 786 786 821 this
817 786 997 829 elevation)
1027 785 1142 833 aptius
1174 787 1267 822 edita
1297 787 1465 821 montium
1497 783 1531 819 id
1559 787 1612 819 est

206 853 377 879 summam
416 847 549 890 partem
583 844 637 880 vel
678 844 859 880 cacumina
895 844 1066 880 montium
1100 844 1338 889 intellegemus
1370 847 1408 879 ut
1437 844 1472 878 in
1500 843 1608 879 Taciti

204 900 295 938 Ann.
322 901 369 938 IV
394 903 459 948 46,
485 902 551 938 XII
576 904 634 939 56.

307 961 501 1009 Supersunt
527 962 673 1009 denique
699 962 857 998 nonnulli
882 961 960 1008 loci,
987 961 1045 998 ubi
1072 962 1292 1008 participium
1320 973 1388 997 non
1411 961 1522 997 solum
1549 973 1611 1007 po·

207 1020 311 1056 situm
351 1021 411 1057 sed
449 1024 526 1057 cum
564 1022 703 1058 nomine
741 1021 962 1058 coniunctum
989 1019 1132 1057 ablativi
1166 1019 1333 1067 absoluti,
1374 1020 1434 1066 qui
1472 1020 1610 1065 dicitur,

205 1078 315 1125 figura
355 1081 544 1117 sententiae
583 1081 720 1118 abunde
758 1081 930 1117 adiectum
970 1080 1068 1117 nobis
1109 1080 1270 1116 occurrit.
1329 1079 1438 1115 Huius
1475 1079 1611 1124 generis

205 1139 364 1191 exempla
402 1152 489 1187 quae
519 1152 630 1188 pauca
660 1141 776 1177 inveni
808 1143 983 1188 postremo
1015 1139 1089 1176 loco
1124 1139 1179 1175 hic
1218 1138 1370 1175 breviter
1403 1149 1611 1175 commemo-

204 1202 341 1235 rentur:
380 1199 394 1236 I
415 1198 544 1247 134l35
572 1214 707 1237 cernere
732 1220 780 1224 —
806 1213 862 1236 eos
888 1201 1080 1247 audireque
1105 1212 1235 1244 coram,
1263 1200 1379 1234 Morte
1405 1198 1499 1234 obita
1524 1211 1610 1245 quo-

204 1270 283 1292 rum
308 1259 407 1294 tellus
440 1260 658 1307 amplectitur
691 1272 768 1295 ossa
798 1259 841 1294 cf.
869 1258 915 1294 IV
942 1258 1030 1304 732,
1057 1257 1104 1293 IV
1132 1258 1202 1293 759
1241 1270 1379 1293 cernere
1410 1270 1487 1293 eum
1513 1270 1612 1304 quem

205 1316 354 1353 Rellicta
372 1320 445 1354 vita
469 1320 541 1354 iam
565 1331 658 1355 mors
685 1326 717 1354 et
741 1325 834 1354 terra
857 1319 1013 1365 potita8t‚
1041 1316 1166 1353 deinde
1190 1315 1237 1352 111
1256 1316 1328 1352 714
1353 1314 1499 1362 (anima)
1521 1328 1612 1363 par-

205 1376 295 1412 tibus
321 1379 458 1413 amiseis
484 1397 531 1401 —
558 1377 667 1413 libata
691 1379 845 1422 recessit,
884 1376 914 1412 V
941 1376 1011 1412 773
1038 1375 1155 1423 offecto
1183 1375 1311 1411 lumine
1338 1375 1432 1411 obire
1457 1374 1500 1410 de
1526 1385 1611 1420 quo-

206 1435 337 1472 tidiano
368 1435 450 1473 solis
480 1436 649 1484 lunaeque
680 1447 803 1473 occasu
835 1435 984 1478 dictum,
1021 1434 1169 1482 denique
1201 1434 1216 1470 I
1243 1431 1375 1481 810s11
1408 1435 1535 1470 amisso
1562 1456 1609 1463 —-

208 1508 352 1543 corpore
375 1498 447 1531 vita
474 1509 608 1543 quoque
635 1498 744 1532 omnis
764 1496 932 1532 Omnibu8
957 1508 975 1530 e
1000 1496 1115 1530 nervis
1138 1501 1240 1542 atque
1259 1494 1392 1530 ossibus
1410 1494 1611 1529 exeoluatur

207 1565 353 1601 quocum
380 1565 561 1603 compares
587 1566 706 1592 versus
733 1554 885 1591 eiusdem
911 1553 992 1590 libri
1020 1552 1185 1597 1038l39
1206 1555 1353 1602 privata
1381 1552 1455 1589 cibo
1481 1560 1611 1590 natura

206 1615 423 1651 animantum
447 1616 594 1662 Diffluit
618 1617 775 1652 amittens
802 1627 936 1662 corpus.

304 1672 376 1709 Iam
403 1673 445 1709 ad
471 1673 574 1710 finem
602 1674 702 1710 huius
729 1673 941 1721 quaestionis
967 1671 1121 1719 perveni,
1152 1682 1219 1718 qua
1243 1670 1470 1708 Lucretianae
1497 1672 1610 1708 elocu-

207 1732 311 1768 tionis
336 1733 524 1780 specimine
550 1734 728 1781 proposito
758 1744 869 1780 pauca
904 1732 1050 1779 perfeci,
1082 1730 1206 1777 reliqui
1239 1730 1358 1767 multa.
1409 1731 1499 1767 Nam
1525 1731 1610 1767 haec
1662 1766 1665 1767 γ

207 1802 262 1827 res
288 1791 492 1837 dignissima
517 1792 603 1828 mihi
628 1792 765 1829 videtur
790 1803 878 1839 quae
904 1791 1077 1838 copiosius
1104 1802 1124 1826 a
1149 1790 1247 1826 nobis
1278 1792 1446 1826 tractetur
1472 1793 1507 1826 et
1532 1790 1610 1826 dili-

207 1851 343 1896 gentius
370 1851 590 1898 observetur,
622 1853 724 1898 atque
756 1850 866 1887 multa
896 1850 953 1887 hic
986 1850 1134 1887 inveniri
1167 1850 1327 1886 existimo
1359 1860 1447 1896 quae
1473 1848 1610 1897 plenius

208 1910 335 1956 exponi
375 1910 418 1946 ad
449 1911 555 1946 totius
587 1910 726 1956 linguae
756 1909 901 1946 Latinae
932 1913 1093 1946 naturam
1131 1910 1242 1955 magis
1273 1909 1545 1957 pernoscendam
1577 1912 1612 1946 et

209 1968 252 2006 ad
271 1968 483 2014 singulorum
504 1969 711 2016 scriptorum
731 1980 830 2005 usum
848 1968 976 2005 rectius
994 1969 1217 2005 iudicandum
1235 1968 1373 2005 intersit
1389 1979 1609 2016 magnopere.
