1835 2765
875 60 922 96 58

189 172 231 193 ea:
260 169 398 205 unoque
429 159 524 192 sitim
555 158 878 204 sedantes‘flumine
903 160 1027 205 aquai,
1063 157 1196 194 V1552
1228 160 1341 205 aqv‘iae
1366 178 1413 183 ——
1440 160 1597 204 lucunas,

190 216 218 252 V
237 217 309 253 660
335 218 446 264 aquai
470 235 518 239 -—
539 217 648 262 fons,
679 216 723 252 VI
745 218 840 254 1070
866 219 976 266 aqiiai
989 217 1172 264 fontibus,
1206 216 1252 253 VI
1273 217 1365 254 1263
1392 218 1524 254 silanos
1550 220 1598 255 ad

188 289 374 323 aquarum,
403 276 528 322 quibus
555 277 661 312 addas
688 276 775 312 Aen.
803 277 852 313 XI
870 278 952 322 495,
980 276 1148 321 V114653
1176 277 1301 312 mirum
1328 277 1413 313 illud
1437 278 1542 324 efficit
1560 286 1599 314 ut

188 337 299 383 lar9i8
316 337 460 371 avidum
475 349 572 372 mare
580 338 741 384 fluminis
758 338 864 373 undis
882 338 1057 384 Inteyrent
1074 350 1190 373 amnes
1209 336 1299 384 apud
1317 335 1453 372 Lueret.
1475 336 1594 372 11031

188 394 311 430 Munro
338 395 388 430 sic
414 398 507 432 recte
534 396 670 432 videtur
695 396 933 443 interpretari,
961 399 998 432 ut
1023 395 1175 432 fluminis
1202 396 1302 432 undis
1327 395 1596 442 uniuscuiusque

188 454 301 489 amnis
326 453 452 490 fluctus
478 454 726 499 significentur.

287 513 447 561 Denique
477 514 531 550 hic
562 513 694 560 aliquot
724 514 790 550 loci
824 514 1117 550 commemorandi
1151 518 1232 551 sunt
1263 514 1355 552 velut
1388 526 1418 550 v.
1453 513 1500 550 IV
1526 515 1598 551 840

189 580 225 608 at
251 581 374 609 contra
399 574 556 619 conferre
580 586 686 608 manu
713 575 902 608 certamina
915 586 1071 620 puynae,
1100 574 1159 609 ubi
1177 574 1237 609 illa
1255 577 1444 610 certamina
1455 587 1598 621 puynae

189 632 311 668 eadam
340 632 521 668 verborum
540 631 640 678 copia
658 641 915 678 supervacanea
932 631 1114 668 coniuncta
1133 631 1305 679 videntur,
1332 644 1401 681 qua
1424 631 1597 678 Vergilius

190 704 272 728 usus
300 695 351 728 est
376 692 411 727 in
439 692 526 727 Aen.
553 691 602 727 XI
623 692 693 728 780
720 705 761 727 ex
787 694 883 727 omni
900 694 1085 727 certamine
1110 706 1260 740 paganae,
1289 692 1353 729 XII
1372 694 1442 730 589
1456 707 1599 742 puynae

193 774 237 780 —-
261 753 301 786 in
326 753 520 791 certamine,
547 750 690 785 Ovidius
718 751 753 785 in
780 750 860 786 Met.
887 750 953 786 XII
979 749 1109 797 179s80
1135 754 1232 786 cuius
1259 755 1443 787 certamine
1458 765 1597 800 puqnae

190 812 356 858 coqnitus,
385 810 415 845 is
442 810 499 856 qui
529 809 653 845 bellum
683 809 959 846 Alexandrinum
987 811 1193 857 conscripsit
1218 811 1253 846 in
1280 821 1355 858 cap.
1376 810 1456 847 XVI
1483 822 1557 858 par.
1580 812 1596 846 1

188 872 328 905 minime
361 877 475 905 autem
501 883 575 917 par
606 877 681 905 erat
709 871 841 917 proelii
872 877 1051 906 certamen.
1115 870 1201 906 Nam
1237 881 1446 917 quamquam
1479 882 1597 906 verum

189 931 242 964 est
272 931 447 964 certamen
478 939 547 963 non
581 940 719 975 semper
757 940 892 976 pugnae
925 940 999 964 esse
1030 929 1154 965 debere
1186 929 1245 964 sed
1277 929 1313 964 in
1345 929 1498 975 qualibet
1524 932 1598 965 arte

188 987 261 1023 fieri
290 999 403 1034 posse,
430 991 546 1024 tamen
574 989 621 1024 ibi
649 989 706 1024 ubi
734 988 775 1023 de
801 999 976 1023 armorum
995 989 1184 1024 certamine
1204 988 1317 1033 agitur
1335 999 1470 1035 pugnae
1489 988 1596 1034 signi-

188 1046 304 1082 ficatio
338 1057 382 1082 ex
414 1058 479 1082 usu
510 1047 679 1082 sermonis
711 1046 828 1081 Latini
861 1050 931 1081 tam
962 1046 1063 1081 facile
1095 1058 1113 1081 e
1145 1058 1276 1082 conexu
1302 1046 1531 1092 intellegitur,
1561 1050 1600 1082 ut

190 1106 371 1151 genetivus
403 1105 462 1141 ille
495 1105 590 1141 nulla
622 1106 827 1142 necessitate
854 1105 932 1140 addi
961 1105 1127 1141 videatur.
1180 1105 1311 1141 Eodem
1338 1104 1440 1141 modo
1467 1106 1600 1141 lumina

190 1177 254 1211 pro
287 1167 466 1201 oculorum
499 1167 702 1210 luminibus,
738 1166 795 1201 ubi
822 1177 840 1200 e
867 1165 1048 1201 verborum
1077 1168 1241 1201 contextu
1267 1165 1438 1201 sententia
1464 1164 1599 1201 dubita-

192 1225 321 1260 tionem
349 1224 478 1260 nullam
505 1224 680 1271 relinquit,
708 1227 778 1260 tam
798 1235 901 1271 saepe
920 1223 993 1259 sola
1011 1227 1178 1271 usurpata
1195 1225 1401 1270 invenrmus‚
1427 1226 1467 1259 ut
1488 1235 1599 1271 neque

192 1284 283 1331 apud
310 1283 509 1320 Lucretium
537 1283 582 1319 VI
614 1284 680 1320 184
708 1297 796 1331 quae
820 1285 1027 1331 perveniunt
1053 1284 1230 1320 oculorum
1257 1285 1304 1320 ad
1330 1284 1462 1320 lumina
1479 1292 1599 1321 nostra

192 1346 226 1378 et
262 1341 414 1389 1178s79
452 1345 609 1390 patentia
642 1356 719 1378 cum
752 1362 795 1367 -—
833 1343 984 1378 Lumina
1014 1350 1192 1378 versarent
1230 1344 1408 1379 oculorum
1445 1346 1600 1391 eoepertia

194 1415 313 1438 somno
340 1402 497 1447 genetivo
525 1401 701 1437 oculorum
729 1412 891 1446 egeamus
918 1412 1029 1447 neque
1048 1402 1139 1447 apud
1158 1401 1294 1437 Cornel.
1313 1402 1399 1449 Nep.
1418 1402 1454 1437 in
1474 1403 1597 1438 Timol.

194 1472 221 1496 c.
243 1460 289 1496 IV
313 1463 324 1495 l
357 1462 488 1496 lumina
514 1462 692 1496 oculorum
718 1463 847 1505 amisit,
875 1471 986 1506 neque
1014 1460 1083 1496 alia
1101 1463 1154 1496 est
1171 1472 1276 1496 causa
1293 1461 1328 1496 in
1346 1462 1460 1497 verbis
1479 1472 1598 1497 versus

194 1520 265 1555 212
291 1519 370 1555 libri
397 1520 411 1555 I
437 1522 611 1567 terraique
636 1521 748 1555 solum
773 1520 966 1566 subiqentes
993 1522 1026 1554 et
1044 1519 1060 1554 I
1079 1520 1099 1554 8
1119 1520 1184 1554 tibi
1198 1521 1315 1555 rident
1331 1533 1485 1567 aequora
1499 1523 1601 1567 ponti

192 1577 249 1625 (cf.
278 1578 410 1624 11772,
441 1578 487 1614 IV
505 1576 626 1625 408s9,
656 1578 807 1624 V1440,
835 1576 988 1624 11781),
1020 1578 1078 1613 ubi
1110 1578 1258 1622 genetivi
1292 1586 1403 1614 terrae
1434 1582 1469 1615 et
1494 1582 1600 1627 ponti

193 1649 235 1674 ex
266 1649 331 1674 usu
366 1642 400 1674 et
425 1638 671 1674 consuetudine
698 1638 837 1683 linguae
862 1636 1008 1673 Latinae
1036 1637 1154 1673 deesse
1180 1640 1349 1684 poterant.
1402 1637 1469 1674 Sed
1496 1638 1598 1674 simul

191 1701 338 1744 apparet
375 1709 444 1734 non
483 1693 644 1745 propriae
682 1697 914 1733 abundantiae
953 1696 1037 1732 haec
1070 1707 1144 1732 esse
1177 1697 1335 1743 exempla
1373 1697 1433 1733 sed
1463 1697 1597 1733 latioris

195 1756 373 1792 cuiusdam
401 1757 537 1793 dicendi
564 1757 700 1801 generis
726 1756 855 1791 diversi
882 1756 924 1791 ab
943 1756 1004 1801 eis,
1031 1767 1118 1801 quae
1136 1758 1237 1792 antea
1255 1756 1435 1803 explicavi.
1478 1756 1597 1803 Itaque

192 1815 277 1851 haec
302 1816 511 1860 gravissima
537 1818 571 1851 et
597 1815 780 1850 notissima
806 1815 964 1860 exempla
990 1814 1143 1861 proferre
1161 1815 1245 1850 satis
1263 1815 1383 1860 habeo,
1409 1826 1481 1851 rem
1500 1816 1596 1851 illam

193 1874 367 1921 copiosius
393 1877 543 1909 tractare
569 1873 725 1909 consulto
753 1873 969 1920 supersedeo.

289 1932 364 1968 Hac
390 1933 541 1977 genetivi
574 1933 707 1968 ratione
733 1935 943 1979 pertractata
975 1932 1018 1968 ad
1049 1932 1126 1967 illos
1159 1932 1252 1968 locos
1285 1933 1505 1979 progredior,
1537 1933 1595 1969 ubi

191 1992 227 2027 in
254 1991 502 2028 adiectivorum
535 2003 600 2027 usu
634 1994 769 2038 poetam
796 1992 1024 2039 profusiorem
1051 2002 1154 2037 quam
1182 1992 1353 2027 sententia
1382 1992 1535 2038 postulet
1559 2003 1595 2027 se

191 2051 356 2097 praebere
374 2051 542 2087 videmus.
579 2050 653 2093 Qua
670 2051 704 2086 in
723 2062 760 2087 re
778 2051 948 2098 principio
975 2050 1106 2097 aliquot
1124 2051 1359 2097 exemplorum
1385 2051 1595 2086 mentionem

189 2110 294 2155 facio,
327 2111 363 2145 in
396 2110 521 2157 quibus
554 2110 686 2145 nomini
712 2121 788 2146 cum
821 2110 980 2155 genetivo
1007 2110 1187 2145 coniuncto
1215 2109 1421 2145 adiectivum
1449 2109 1596 2145 adicitur

191 2169 339 2213 genetivi
365 2170 435 2205 vim
463 2170 587 2205 iterum
616 2170 821 2216 exprimens.
873 2168 968 2204 Haec
994 2168 1204 2204 abundantia
1230 2169 1396 2205 orationis
1422 2168 1532 2215 qualis
1551 2168 1596 2204 sit

191 2230 270 2274 apte
296 2229 514 2273 cognoscitur
538 2228 697 2264 Enniano
724 2228 783 2264 illo
810 2239 923 2273 versu,
960 2228 1017 2273 qui
1045 2231 1140 2263 extat
1165 2228 1200 2262 in
1227 2227 1489 2263 Andromachae
1515 2227 1595 2262 reli-

192 2287 280 2332 quiis
307 2288 351 2331 (v.
373 2289 456 2332 107)
474 2288 693 2324 Acherunsia
719 2288 846 2335 templa
873 2288 945 2322 alta
965 2287 1050 2322 Orci
1067 2307 1113 2312 —
1131 2287 1257 2322 caluete
1281 2287 1409 2333 infera,
1436 2286 1532 2322 cuius
1551 2286 1595 2322 ad

191 2346 366 2392 exemplar
391 2347 606 2383 conformata
632 2358 674 2383 ex
701 2346 861 2382 Lucretio
895 2346 979 2381 haec
1010 2349 1155 2392 possunt
1186 2345 1315 2381 afferri:
1349 2345 1395 2381 111
1422 2346 1489 2381 751
1508 2346 1595 2392 fera

190 2405 304 2441 saecla
320 2405 501 2451 ferarum,
533 2406 547 2441 I
575 2408 645 2443 503
673 2407 803 2453 duplex
829 2412 957 2440 natura
989 2406 1139 2440 duarum
1164 2427 1210 2431 —
1237 2417 1370 2448 rerum,
1404 2404 1432 2438 V
1459 2406 1504 2440 28
1531 2408 1593 2441 tri-

186 2472 331 2514 pectora
357 2468 538 2511 terqemini
566 2467 619 2501 vis
648 2465 830 2512 Geryonai
873 2464 991 2499 eadem
1025 2463 1265 2499 alliterationis
1292 2464 1396 2499 studii
1423 2464 1592 2511 exempla,
