1835 2765
919 31 966 89 48

237 141 371 163 seorsus
402 130 483 162 item
511 128 599 173 puri
626 130 813 174 secretique
844 130 990 164 aetheris
1020 130 1118 175 iqnes
1150 128 1233 163 item
1266 139 1333 162 non
1365 129 1439 164 sine
1475 130 1640 166 orationis

237 186 393 221 ubertate
420 185 543 231 posita.

333 244 372 280 In
398 244 467 281 fine
492 244 596 281 huius
622 246 733 293 partis
759 245 802 282 de
828 246 960 283 duabus
987 245 1089 283 rebus
1106 245 1192 282 mihi
1209 245 1446 282 disserendum
1465 248 1527 292 est,
1555 257 1640 293 quas

234 304 328 340 nullo
354 304 497 341 meliore
524 305 599 342 1000
626 309 776 343 tractare
802 318 960 354 possum,
994 318 1200 353 quamquam
1228 306 1271 342 ad
1296 306 1384 342 hanc
1409 317 1511 352 quam
1538 306 1640 343 modo

235 365 379 412 exposui
412 366 571 412 asyndeti
602 365 803 403 bimembris
835 368 1004 403 rationem
1037 379 1104 402 11011
1143 367 1327 414 pertinent.
1391 365 1544 402 Primum
1585 366 1640 403 1110

234 424 310 459 dico
336 424 471 471 aliquot
496 425 745 472 particularum
772 427 1056 472 compositionem
1083 427 1132 462 eis
1157 426 1242 462 locis
1267 426 1325 462 ubi
1351 425 1494 461 alteram
1521 437 1638 462 earum

234 484 317 530 poni
349 484 394 520 ad
425 485 630 520 sententiam
666 485 750 520 satis
784 488 869 520 erat.
929 485 1041 520 Huius
1073 486 1124 521 rei
1161 485 1356 533 exemplum
1388 484 1529 532 praebet
1559 495 1639 522 con-

233 543 449 580 iunctionum
475 546 577 579 etiam
603 556 740 590 quoque
766 543 820 578 vel
846 556 983 590 quoque
1008 546 1111 579 etiam
1137 544 1322 591 copulatio,
1349 556 1433 591 quas
1458 543 1639 582 Lueretius

234 603 363 650 septies
389 603 455 638 nisi
483 602 583 637 fallor
610 602 819 649 composuit:
848 602 984 639 111208
1012 604 1095 639 haec
1121 616 1256 651 quoque
1281 617 1335 640 res
1353 607 1455 641 etiam
1476 611 1639 641 naturam

235 664 372 699 dedicat
395 664 468 698 eius
494 661 541 698 ΙΙΙ
560 662 644 707 292,
665 661 692 697 V
715 662 794 708 153,
812 663 897 708 517,
916 663 1001 709 602,
1020 662 1066 698 VI
1084 663 1168 709 503,
1188 664 1260 700 806
1287 675 1350 700 nee
1375 664 1556 701 Lueretius
1583 675 1638 700 so-

234 723 304 757 lum
338 722 397 757 sed
430 721 488 757 alii
522 733 657 767 quoque
683 722 871 769 scriptores
897 722 1002 758 etiam
1028 734 1151 769 prosae
1177 723 1342 759 orationis
1369 722 1426 770 (ef.
1455 722 1639 760 Wakefiel-

233 781 314 816 dum
340 781 384 817 ad
411 793 441 816 v.
470 780 518 817 III
536 782 624 827 293,
651 780 856 818 Munronem
883 781 927 817 ad
954 794 986 818 v.
1015 781 1062 818 III
1082 784 1164 828 208,
1191 782 1379 828 Reisigium
1398 783 1433 819 in
1452 782 1576 819 scholis
1596 782 1638 820 ab

233 840 359 875 Haasio
392 841 495 876 editis
526 840 546 885 ξ
573 842 671 884 458).
728 841 830 877 Certe
865 842 900 876 in
933 842 988 876 his
1020 853 1087 877 non
1121 854 1217 878 mera
1248 843 1338 878 inest
1364 843 1553 887 tautologia
1579 842 1639 878 sed

231 899 472 935 coniunctione
498 902 602 935 etiam
628 900 771 937 fortiore
798 911 852 936 res
879 911 956 936 eum
983 901 1107 936 ceteris
1135 902 1286 947 aequari,
1313 901 1484 948 particula
1504 914 1639 949 quoque

232 959 356 995 ceteris
383 959 591 1006 simpliciter
618 960 838 996 adnumerari
865 960 1018 1006 videtur,
1052 964 1090 995 111
1116 960 1276 996 similiter
1301 961 1364 997 hoe
1389 960 1429 997 fit
1453 961 1489 996 in
1515 952 1637 997 adver-

233 1018 299 1053 biis
330 1026 514 1067 praeterea
546 1032 682 1066 quoque
711 1019 757 1054 IV
782 1020 871 1064 889,
909 1019 1047 1055 V1256
1080 1023 1113 1054 et
1141 1022 1222 1055 item
1253 1032 1388 1066 quoque
1421 1019 1474 1055 vel
1504 1032 1639 1067 quoque

231 1080 312 1114 item
338 1077 369 1113 V
388 1078 472 1124 245,
502 1079 583 1123 749,
611 1077 656 1113 VI
675 1079 758 1123 214,
779 1079 861 1124 756,
888 1078 948 1114 sed
974 1078 1228 1114 concedendum
1248 1078 1313 1114 erit
1330 1078 1365 1113 in
1383 1078 1539 1115 oratione
1557 1089 1638 1117 0011-

231 1137 304 1173 cisa
331 1140 479 1183 utraque
506 1137 676 1183 particula
703 1149 789 1183 opus
815 1149 883 1172 non
909 1137 1031 1180 fuisse;
1059 1137 1112 1172 his
1140 1137 1220 1172 addi
1247 1140 1361 1183 potest
1386 1137 1471 1172 illud
1497 1145 1529 1172 et
1554 1150 1638 1184 quo-

233 1208 299 1243 que
324 1195 416 1243 apud
444 1194 632 1240 Vergilium
660 1196 696 1230 in
723 1196 809 1231 Aen.
837 1195 924 1231 libro
942 1195 969 1240 I,
989 1207 1019 1230 v.
1040 1196 1062 1231 5
1080 1196 1190 1231 multa
1208 1208 1343 1243 quoque
1361 1203 1393 1231 et
1409 1196 1495 1231 bello
1511 1209 1638 1243 passus

233 1255 387 1301 aliosque
417 1256 615 1302 scriptores,
643 1256 733 1301 quod
759 1254 882 1291 Mum-0
910 1255 1014 1291 etiam
1042 1256 1077 1290 in
1104 1254 1303 1291 Lucretium
1329 1255 1465 1301 intulit,
1498 1266 1575 1291 011111
1602 1256 1638 1292 111

234 1325 264 1349 v.
292 1313 339 1348 III
366 1315 437 1349 412
464 1322 495 1349 et
521 1315 616 1349 orbei
641 1314 779 1360 scripsit
804 1325 867 1360 pro
894 1316 1053 1358 genetivo
1081 1327 1197 1349 eorum
1223 1314 1282 1349 sed
1302 1314 1407 1359 nulla,
1434 1317 1473 1349 ut
1490 1315 1637 1360 videtur,

233 1373 389 1409 veritatis
416 1373 540 1420 speeie.
566 1393 613 1398 —
631 1372 838 1409 Particulam
858 1372 953 1408 illam
974 1386 1109 1421 quoque
1127 1373 1262 1410 abunde
1281 1376 1382 1420 poeta
1400 1373 1516 1420 posuit
1533 1373 1636 1410 etiam

231 1433 280 1467 ibi
306 1432 365 1468 ubi
392 1433 578 1469 sententias
606 1432 745 1468 vocibus
771 1446 848 1468 cum
876 1452 920 1457 —
947 1440 1019 1468 tum
1045 1433 1238 1468 coniunxit:
1273 1432 1319 1467 111
1345 1429 1489 1479 374s76‚
1516 1432 1638 1468 simili-

231 1494 285 1526 ter
318 1494 422 1537 atque
452 1491 570 1527 Cicero
603 1492 637 1526 in
672 1494 759 1527 orat.
790 1502 852 1538 pro
879 1491 1019 1536 Ligario
1045 1493 1080 1536 4,
1110 1493 1166 1536 10,
1193 1490 1320 1526 Caesar
1346 1491 1381 1525 in
1407 1490 1488 1526 belli
1514 1490 1637 1527 Gallici

230 1550 317 1585 libro
336 1549 379 1595 ΙΙ,
406 1561 479 1597 cap.
507 1551 541 1596 4,
568 1549 702 1586 Cornel.
730 1550 856 1597 Nepos.
883 1551 920 1585 in
946 1550 1102 1586 Eumene
1128 1551 1163 1595 8,
1182 1551 1203 1585 2
1221 1552 1411 1585 inveterata
1428 1563 1504 1585 cum
1520 1551 1638 1597 yloria

230 1616 301 1644 tum
333 1611 437 1645 etiam
470 1610 625 1654 licentia,
665 1621 734 1655 qua
772 1609 1005 1654 coniungendi
1038 1609 1217 1644 enuntiata
1254 1609 1388 1644 ratione
1426 1619 1502 1644 cum
1538 1608 1637 1644 alteri

231 1668 385 1704 membro
418 1669 529 1704 maius
559 1668 692 1713 pondus
720 1668 911 1713 tribuatur,
943 1668 979 1703 in
1006 1679 1036 1703 v.
1065 1667 1079 1703 I
1101 1669 1169 1703 130
1195 1667 1298 1703 verba
1325 1681 1400 1703 cum
1420 1669 1549 1715 primis
1576 1667 1636 1703 ad-

230 1728 347 1764 verbio
374 1736 446 1765 tum
471 1728 599 1776 apponi
627 1728 670 1764 ad
696 1728 904 1765 sententiam
931 1738 1070 1764 neeesse
1096 1738 1164 1762 non
1190 1730 1276 1773 erat,
1303 1738 1509 1774 quamquam
1534 1738 1635 1765 nemo

228 1787 285 1823 hic
316 1791 438 1834 poetae
469 1787 650 1824 eonsilium
682 1788 873 1832 sententiae
908 1787 976 1823 vim
1010 1787 1226 1832 gravissimis
1252 1787 1367 1824 verbis
1394 1787 1542 1832 augendi
1566 1798 1634 1824 non

229 1846 421 1892 intelleget.

327 1905 412 1941 Post
442 1905 503 1941 illa
536 1908 638 1941 etiam
671 1918 822 1953 quoque,
859 1913 1042 1954 praeterea
1075 1919 1228 1953 quoque,
1266 1908 1348 1941 item
1379 1918 1514 1953 quoque
1546 1915 1634 1941 com-

228 1976 383 2001 memoro
415 1972 528 2001 tamen
558 1967 691 2001 interea
725 1964 754 2000 V
779 1966 825 2001 83
858 1968 892 2001 et
922 1965 968 2001 VI
992 1966 1038 2002 59
1070 1968 1103 2001 si
1135 1973 1248 2002 tamen
1279 1967 1411 2001 interea
1442 1967 1617 2001 mirantur
1623 1978 1635 2007 ;

228 2036 310 2061 nam
343 2027 476 2061 interea
508 2028 560 2060 est
585 2026 810 2061 nihilominus
841 2025 897 2070 (cf.
924 2029 1081 2061 nostrum
1107 2025 1282 2069 indessen)
1310 2028 1344 2061 et
1369 2035 1446 2060 cum
1473 2022 1635 2060 adverbio

228 2093 342 2121 tamen
374 2084 608 2120 consociatum
641 2085 743 2120 etiam
776 2084 867 2132 apud
899 2083 1071 2120 Catullum
1102 2085 1278 2121 invenitur
1310 2084 1347 2119 in
1373 2082 1525 2119 carmine
1553 2082 1635 2128 101,

229 2155 330 2180 versu
370 2145 389 2179 7
416 2157 508 2179 nunc
534 2151 648 2179 tamen
671 2146 813 2189 interea,
841 2143 933 2190 apud
958 2143 1149 2188 Vergilium
1175 2144 1212 2178 in
1237 2142 1355 2187 Eelog.
1386 2143 1418 2187 1,
1443 2153 1475 2177 v.
1503 2141 1549 2176 57
1575 2153 1636 2176 nec

230 2210 341 2240 tamen
365 2205 506 2239 interea.

327 2262 483 2299 Similem
511 2263 680 2299 sermonis
707 2263 884 2309 vulgarem
911 2261 1085 2309 quandam
1112 2261 1306 2297 ubertatem
1332 2259 1436 2295 etiam
1454 2259 1490 2295 in
1508 2258 1633 2295 adver-

231 2321 297 2358 biis
327 2334 412 2369 quae
445 2326 583 2369 tempus
614 2326 648 2359 et
677 2322 789 2358 locum
816 2322 972 2358 indicant
996 2320 1202 2356 invenimus.
1255 2319 1340 2355 Eius
1367 2318 1417 2354 rei
1443 2318 1486 2354 ab
1512 2318 1633 2354 indici-

229 2379 294 2417 bus
319 2382 500 2419 verborum
528 2381 689 2429 exempla
715 2381 824 2418 multa
850 2380 1061 2428 praebentur
1090 2378 1145 2423 (cf.
1174 2379 1277 2414 etiam
1295 2378 1483 2423 Reisigium
1510 2377 1631 2413 in1.1.

175 2452 177 2454 ·
228 2441 353 2488 5458)
386 2444 421 2478 et
450 2442 601 2479 eiusdem
632 2442 776 2478 rationis
810 2443 891 2477 sunt
922 2450 1010 2487 quae
1036 2437 1216 2475 Lucretius
1243 2437 1422 2474 coniunxit
1444 2444 1526 2485 poet
1549 2438 1630 2473 inde
