1835 2765
890 52 935 86 31

212 151 259 186 65
285 163 315 186 v.
335 152 369 186 4.
399 171 441 175 —
469 151 544 186 Huc
577 150 792 187 referendum
825 152 878 185 est
904 149 1008 184 etiam
1034 148 1116 184 illud
1144 150 1345 193 consilium,
1381 149 1470 195 quod
1497 147 1615 185 eadem

213 211 383 246 sententia
413 214 514 257 atque
544 224 639 246 meno
669 213 703 245 et
729 212 866 245 animus
892 207 950 254 (cf.
978 207 1023 243 III
1049 209 1095 243 95
1122 211 1275 244 animum
1301 210 1377 244 dico
1406 228 1451 233 -
1478 209 1522 244 In
1549 221 1616 256 quo

211 272 393 306 concilium
423 273 514 307 vitae
541 272 761 317 regimenque
792 270 941 304 locatum
973 275 1022 303 eet
1047 271 1080 302 et
1109 268 1177 303 139
1204 269 1401 313 consilium,
1435 270 1529 315 quod
1553 281 1617 303 nos

211 332 366 365 animum
395 337 605 376 mentemque
634 327 811 370 vocamus)
838 327 1055 362 coniunctum
1084 329 1180 361 extat
1205 326 1240 360 in
1269 337 1317 360 vs.
1336 325 1382 361 ΙΙΙ
1409 328 1479 362 613
1506 329 1618 363 animi

211 410 257 414 —
284 402 377 425 mens
403 389 663 434 consiliumque,
691 387 719 422 V
751 387 817 421 127
846 388 958 421 animi
981 392 1111 421 natura
1130 405 1172 410 —
1193 386 1442 432 consiliumque
1468 390 1501 421 et
1527 387 1615 422 addo

211 447 266 482 hio
303 448 389 483 illud
428 449 528 482 acria
565 447 671 481 corda
703 446 945 492 Iracundaque
981 458 1076 480 mens
1109 444 1155 479 ΙΙΙ
1182 444 1253 479 295
1287 443 1345 488 (cf.
1375 444 1460 479 Aen.
1490 444 1517 479 V
1544 447 1614 481 643

210 515 363 543 arrectae
406 513 532 542 mentes
575 506 835 553 stupefactaque
880 506 987 540 corda
1031 504 1209 547 Iliadum).
1253 524 1299 528 —-
1341 502 1397 538 Ab
1438 503 1491 538 his
1527 504 1615 553 ,locis

209 569 346 602 transeo
386 565 438 600 ad.
476 576 508 599 V.
544 563 559 599 I
597 565 668 599 444
705 577 768 599 nec
802 564 968 611 praebere
1012 565 1123 599 locum
1158 576 1268 610 porro
1306 564 1380 597 nisi
1415 564 1521 598 inane
1557 577 1617 598 va-

209 637 376 672 cansque;
410 624 534 659 iterum
567 623 741 659 invenitur
766 623 850 659 illud
877 625 982 659 inane
1006 636 1201 670 vacaneque
1227 623 1261 657 in
1291 634 1320 657 v.
1346 621 1359 657 I
1392 622 1480 667 334,
1515 633 1616 668 quem

208 688 323 720 tamen
362 683 592 719 adulterinum
632 694 706 718 esse
740 682 841 727 vulgo
875 682 1083 718 conceditur.
1136 682 1269 717 Deinde
1296 680 1401 717 affero
1428 692 1477 717 vs.
1505 680 1519 716 I
1546 683 1617 718 964

208 751 302 778 caret
337 756 417 790 eryo
446 744 523 790 fine
559 743 744 788 modoque,
784 741 815 775 II
846 742 893 776 92
933 743 1098 788 quoniam
1129 743 1281 788 spatium
1306 743 1380 776 eine
1397 742 1472 786 fine
1497 743 1617 777 modo-

209 810 306 849 quest
330 801 387 846 (cf.
413 805 532 837 notum
558 801 645 836 illud
662 801 771 846 finem
796 807 828 836 et
851 801 991 835 modum
1017 802 1178 842 transire,
1206 800 1296 845 quod
1322 811 1384 835 nos
1411 800 1487 846 pari
1514 801 1616 836 uber-

209 864 280 896 tate
313 861 477 896 vertimus
503 859 609 895 ‘Mass
640 860 711 895 und
741 858 814 894 Ziel
844 857 1144 903 fiberschreiten'),
1173 858 1297 894 11041
1331 860 1452 906 aliqua
1481 862 1617 896 ratione

208 932 330 955 aversa
367 921 492 966 viaque
531 919 594 961 (sic
632 921 725 953 reete
756 917 892 952 videtur
917 917 1159 952 Lachmannus
1192 928 1329 952 versum
1355 918 1390 952 in
1417 917 1484 953 fine
1511 919 1615 954 muti-

207 979 314 1015 latum
342 978 568 1026 explevisse),
596 976 623 1011 V
653 978 722 1013 732
748 984 851 1025 atque
876 978 950 1012 alia
974 977 1071 1012 illiue
1096 978 1262 1023 reparari
1285 978 1324 1011 in
1343 983 1448 1024 parte
1475 978 1615 1025 locoque

207 1050 227 1074 a
245 1038 412 1074 Munrone
439 1038 524 1074 bene
549 1038 599 1073 ita
625 1037 852 1084 explicatum:
879 1037 1036 1083 reparari
1064 1037 1097 1071 in
1126 1036 1199 1071 loco
1227 1039 1261 1071 et
1279 1039 1401 1082 partes
1415 1036 1487 1072 eius
1507 1038 1616 1072 susci·

206 1108 300 1144 pere,
327 1109 394 1143 qua
420 1097 648 1143 explicatione
675 1096 806 1131 scilicet
832 1095 1042 1131 abundantia
1061 1106 1128 1130 non
1149 1094 1293 1129 tollitur.
1334 1094 1405 1130 Iam
1426 1099 1617 1141 sequuntur

205 1168 257 1192 vs.
276 1156 307 1192 II
337 1157 430 1193 1145
454 1158 591 1192 moenia
616 1157 740 1191 mundi
754 1156 970 1203 Empuqnata
996 1154 1129 1190 dabunt
1150 1154 1260 1190 labem
1281 1156 1464 1202 putrisque
1480 1157 1615 1201 ruinas,

206 1216 263 1251 ubi
290 1216 411 1251 similis
437 1215 522 1250 mihi
549 1215 686 1250 videtur
713 1215 933 1261 pleonasmus
961 1217 1064 1259 atque
1091 1213 1121 1248 V
1143 1215 1213 1249 347
1241 1215 1366 1249 darent
1392 1215 1460 1249 late
1484 1216 1616 1250 cladem

204 1287 416 1322 maqnaeque
453 1276 595 1316 ruinam
634 1273 681 1309 Ill
720 1275 761 1309 61
804 1275 915 1309 socios
946 1273 1111 1308 scelerum
1137 1279 1240 1320 atque
1265 1274 1459 1317 ministros,
1496 1272 1542 1308 lV
1568 1275 1616 1309 42

204 1347 320 1370 rerum
347 1334 481 1381 effigia&
506 1335 684 1380 tenuisque
703 1334 843 1382 fiqurae
870 1332 924 1375 (cf.
951 1331 996 1367 IV
1014 1330 1122 1378 34s35
1141 1345 1243 1379 saepe
1254 1333 1396 1382 fiyuras
1414 1331 1617 1368 contuimur

204 1396 313 1429 miras
338 1394 593 1440 <simulacraque
620 1393 692 1428 luce
717 1399 905 1437 carentum,
937 1392 1005 1428 156
1032 1399 1187 1427 texturas
1214 1405 1331 1427 rerum
1358 1394 1468 1427 tenuis
1486 1394 1615 1428 tenuis-

206 1466 271 1500 que
288 1451 455 1501 flquras),
481 1451 510 1487 V
537 1453 626 1487 1401
654 1454 746 1487 risun
771 1452 953 1498 dulcesque
975 1452 1138 1486 cachinni
1154 1449 1247 1497 (vide
1271 1462 1302 1486 v,
1329 1450 1448 1498 1395),
1468 1451 1497 1486 V
1524 1453 1615 1487 1145

205 1511 328 1558 (genus
356 1512 556 1554 humanum)
584 1519 704 1559 sponte
729 1524 793 1546 sua
819 1512 940 1546 cecidit
964 1511 1026 1546 sub
1053 1511 1142 1558 leqes
1168 1518 1317 1558 artaque
1342 1513 1435 1556 iura,
1463 1522 1539 1547 cum
1563 1512 1617 1547 hic

205 1572 283 1606 iura
313 1575 348 1606 et
384 1571 477 1615 leges
516 1571 588 1605 sine
629 1570 731 1605 dubio
770 1571 860 1605 idem
898 1570 969 1604 fere
1000 1569 1153 1613 valeant,
1189 1580 1399 1615 quamquam
1428 1569 1505 1605 aliis
1532 1570 1616 1605 locis

205 1631 281 1665 iura
306 1630 410 1665 latius
437 1633 571 1676 patent3
598 1630 639 1665 cf.
664 1628 842 1664 Munronis
869 1632 998 1673 notam,
1025 1628 1082 1674 qui
1110 1627 1209 1663 affert
1234 1627 1318 1663 Hor.
1347 1639 1400 1675 ep.
1428 1628 1452 1663 Ι.
1484 1631 1539 1673 16,
1567 1630 1608 1664 41

206 1694 240 1726 et
264 1690 380 1725 Iuven.
408 1689 439 1724 ΙΙ
472 1691 535 1733 72;
576 1689 666 1724 idem
694 1688 858 1724 Horatius
884 1688 967 1724 dicit
994 1687 1104 1723 Serm.
1130 1689 1157 1723 Ι.
1189 1689 1226 1733 1,
1260 1690 1281 1724 9
1313 1690 1403 1723 iuris
1436 1689 1615 1735 leyumque

204 1752 370 1797 peritum,
404 1760 480 1784 cum
513 1748 608 1784 velut
638 1749 673 1783 iu
700 1748 853 1783 Aeneide
880 1748 894 1783 I
920 1748 990 1784 507
1018 1748 1053 1782 in
1080 1746 1193 1783 verbis
1220 1749 1302 1783 iura
1328 1748 1435 1783 dabat
1460 1749 1615 1795 leyeeque

205 1811 292 1843 viris
323 1808 399 1843 iura
431 1807 500 1842 sint
532 1807 668 1842 decreta
698 1807 893 1852 iudicialia,
930 1807 1023 1852 leges
1050 1806 1092 1841 ad
1119 1810 1304 1853 praecepta
1331 1817 1370 1842 ac
1396 1806 1613 1852 disciplinam

206 1867 379 1914 publicam
406 1866 612 1912 pertineant.

303 1925 387 1961 Post
420 1925 502 1960 haec
534 1924 675 1959 nomina
706 1924 954 1959 adiectivorum
983 1924 1142 1971 exempla
1169 1935 1280 1971 pauca
1305 1928 1439 1959 tantum
1467 1924 1614 1970 proferri

207 1988 366 2032 possunt:
393 1983 439 2019 ΙΙΙ
465 1984 536 2019 933
562 1985 635 2018 vita
660 1990 739 2018 ante
765 1990 843 2018 acta
863 1985 1037 2030 priorque
1064 1988 1098 2018 et
1124 1995 1155 2018 v.
1178 1984 1245 2018 771
1275 1983 1354 2018 libri
1379 1982 1613 2029 praecedentis

207 2046 368 2079 continuo
393 2044 433 2078 id
448 2043 532 2088 fieri
555 2049 593 2077 ut
619 2043 769 2076 candene
794 2043 954 2076 videatur
980 2049 1011 2076 et
1035 2042 1152 2077 album
1180 2042 1236 2077 ubi
1263 2042 1416 2076 conferas
1435 2040 1614 2076 Munronis

207 2106 335 2139 notam.
388 2101 441 2137 Sit
479 2102 570 2137 euim
603 2101 693 2136 inter
726 2111 842 2135 vocem
877 2102 1049 2136 candidus
1075 2101 1148 2136 sive
1175 2102 1324 2136 candens
1351 2119 1396 2123 -
1424 2111 1502 2135 nam
1532 2100 1615 2136 haec

208 2163 326 2199 eadem
354 2166 433 2198 sunt
461 2165 495 2197 et
512 2161 654 2197 Ovidius
680 2161 715 2195 in
733 2159 815 2196 Met.
833 2159 882 2195 XI
908 2160 980 2196 314
1006 2160 1042 2195 in
1070 2161 1187 2196 eodem
1216 2172 1316 2196 versu
1342 2171 1382 2195 ea
1400 2163 1514 2196 mutat
1531 2174 1614 2196 can-

208 2223 294 2257 dida
320 2223 361 2257 de
385 2223 497 2268 niqris
525 2228 556 2256 et
580 2222 622 2256 de
639 2220 862 2256 candentibus
880 2226 959 2255 atra
979 2220 1049 2263 Qui
1054 2220 1181 2265 facere
1199 2221 1363 2255 adsuerat
1380 2238 1424 2241 —
1445 2219 1491 2254 sit
1508 2220 1616 2264 igitur

207 2281 394 2316 discrimen
431 2281 522 2316 inter
560 2281 648 2316 hanc
681 2290 797 2315 vocem
832 2283 866 2315 et
897 2278 1102 2314 adiectivum
1130 2279 1247 2324 albus,
1287 2278 1377 2324 quod
1404 2277 1545 2315 Servius
1573 2279 1616 2315 ad

207 2340 309 2384 Verg.
329 2339 453 2384 Georg.
473 2339 519 2374 ΙΙΙ
537 2351 568 2374 v.
590 2340 635 2375 82
661 2342 754 2374 recte
781 2337 951 2383 significat
969 2338 1060 2380 (vide
1078 2337 1239 2373 Doederl.
1259 2338 1280 2372 l.
1300 2337 1323 2371 1.
1343 2337 1390 2372 III
1408 2349 1441 2384 p.
1467 2339 1546 2382 194,
1566 2338 1616 2383 2),

207 2399 272 2435 hoc
309 2403 424 2436 tamen
463 2399 537 2435 loco
569 2398 699 2435 scilicet
730 2398 772 2434 de
802 2397 864 2434 tali
900 2396 1095 2433 discrimine
1127 2396 1221 2431 nullo
1257 2400 1358 2443 pacto
1393 2397 1615 2442 cogitandum

208 2461 261 2495 est
285 2462 319 2495 et
344 2459 533 2496 cavendum
560 2470 603 2495 ne
630 2459 664 2494 in
689 2458 865 2505 vertendo,
891 2457 959 2493 nisi
983 2456 1123 2492 verbum
1150 2456 1253 2492 verbo
1276 2456 1422 2493 reddere
1443 2457 1615 2503 volumus,
