1835 2765
889 2 937 37 24

198 108 322 142 resque
353 97 446 131 domi
478 95 611 143 gestae)
649 99 688 132 in
726 99 824 133 sidus
862 105 991 134 vertere
1019 111 1147 134 novum
1178 98 1378 145 stellamque
1410 106 1607 134 comantem.

198 155 380 191 Lucretius
407 158 521 190 autem
551 167 654 202 quam
686 167 753 191 non
795 156 996 193 reformidet
1034 156 1138 192 talem
1176 155 1328 192 eiusdem
1363 157 1412 191 rei
1438 157 1610 203 duplicem

199 213 487 258 significationem
526 215 772 261 praecedentia
812 216 972 263 exempla
1007 215 1092 251 satis
1136 214 1327 251 ostendisse
1365 225 1486 261 spero,
1524 226 1611 261 quae

198 271 448 308 confirmantur
489 273 582 310 hisce
620 274 720 318 locis,
762 274 993 310 abundantiae
1031 277 1066 310 et
1092 274 1332 310 alliterationis
1360 276 1501 320 apertae
1527 274 1609 309 item

198 332 298 376 quasi
325 333 472 367 testibus
499 332 746 379 locupletibus:
774 333 821 368 ΙΙΙ
842 331 972 379 744145
1000 340 1092 369 certa
1108 346 1170 369 suo
1190 336 1274 380 quia
1296 334 1422 379 semine
1448 334 1609 367 seminio-

199 402 265 437 que
300 390 358 426 Vis
385 393 499 426 animi
516 394 656 439 pariter
682 394 804 427 crescit
828 405 905 427 cum
930 405 1075 440 corpore
1101 399 1182 438 toto,
1210 392 1241 428 ΙΙ
1271 393 1338 428 196
1370 404 1483 428 nonne
1515 393 1610 427 vides

199 451 315 495 etiam,
344 458 477 498 quanta
502 453 539 486 vi
569 452 667 498 tiyna
699 451 879 497 trabesque
912 452 1071 498 Respuat
1107 464 1207 487 umor
1237 465 1368 499 aquae,
1401 451 1447 487 VI
1471 452 1543 487 915
1570 465 1611 486 ex

200 510 342 556 alioque
368 511 460 544 alius
486 507 641 555 (anulus)
668 510 798 555 lapidis
824 512 894 544 vim
919 511 1103 556 vinclaque
1127 512 1249 555 noscit,
1278 510 1326 545 III
1346 512 1392 547 80
1416 513 1507 546 vitae
1525 511 1610 557 Perl-

202 571 289 617 cipit
314 570 482 604 humanos
509 569 627 604 odium
655 569 809 615 lucisque
834 569 1016 614 videndae,
1044 580 1086 604 ex
1105 569 1228 615 quibus
1248 574 1395 616 quatuor
1420 570 1517 615 locis,
1545 581 1611 616 quo

202 628 325 663 melius
353 628 433 673 quid
461 626 598 662 differat
637 630 756 673 aptum
796 630 831 662 et
869 628 1025 674 ineptum
1064 639 1173 672 genus
1206 628 1341 663 dicendi
1374 631 1611 673 cognoscatur,

202 687 347 721 alterum
382 697 459 721 cum
487 685 644 721 versibus
675 686 743 721 192
776 685 857 722 libri
876 686 907 721 II
934 689 969 722 et
995 687 1063 722 241
1093 686 1173 722 libri
1192 685 1237 722 VI
1269 697 1525 733 comparemus;
1558 687 1613 722 hic

202 746 305 790 enim,
333 745 391 780 ubi
418 747 516 792 tiqna
549 748 583 780 et
615 745 729 780 trabes
767 745 850 781 item
890 745 1116 792 copulantur,
1156 745 1257 781 simul
1297 757 1364 781 non
1404 747 1477 781 sine
1511 746 1543 781 vi
1574 757 1613 781 ac

200 805 333 839 ratione
359 806 433 838 tota
459 804 582 838 domus
608 804 842 839 contabulatio
870 804 1027 850 partibus
1054 805 1125 839 suis
1152 803 1377 849 significatur,
1404 804 1452 840 ibi
1480 807 1612 850 contra,

199 863 257 899 ubi
287 866 389 909 poeta
412 860 489 898 'sine
516 862 586 898 ullo
614 864 806 899 sententiae
834 863 985 909 pondere
1019 863 1060 899 de
1091 863 1194 908 lignis
1225 864 1260 899 in
1288 875 1410 910 aquam
1439 864 1612 911 depressis

200 922 367 968 loquitur,
394 933 455 957 cur
481 922 604 957 iisdem
645 922 778 958 duobus
813 922 988 958 vocabulis
1028 923 1167 957 omnino
1208 926 1347 969 praeter
1372 923 1612 958 necessitatem

201 993 283 1017 usus
311 992 386 1017 esse
414 984 528 1028 potest
553 981 621 1017 nisi
647 993 829 1017 numerum
850 981 1013 1028 explendi
1039 983 1298 1028 orationemque
1324 982 1513 1017 exornandi
1539 985 1612 1017 stu-

202 1042 259 1077 dio
286 1041 479 1088 impulsus?
529 1042 645 1087 Atque
672 1041 735 1076 hoc
768 1041 859 1077 idem
894 1041 1044 1076 studium
1081 1041 1267 1076 ostendunt
1298 1041 1365 1076 duo
1398 1041 1456 1086 qui
1482 1044 1614 1075 restant

202 1100 268 1135 loci
301 1100 345 1135 VI
383 1098 532 1146 1020s‘21
575 1101 642 1135 huo
680 1102 813 1135 accedit
849 1102 929 1136 item
960 1120 1006 1124 -—
1039 1113 1146 1147 quare
1177 1107 1280 1146 queat
1309 1101 1350 1134 id
1384 1101 1496 1146 maqis
1531 1112 1612 1144 esse,

204 1160 302 1195 Haeo
328 1172 465 1206 quoque
490 1172 544 1194 res
571 1161 768 1194 adiumento
788 1166 947 1206 motuque
972 1161 1114 1194 iuvatur
1132 1178 1176 1183 —
1196 1156 1261 1204 (ita
1279 1158 1391 1194 scribo
1411 1157 1612 1193 Munronem

207 1216 370 1264 sequens)
397 1222 431 1253 et
448 1218 495 1253 III
519 1219 585 1253 144
613 1226 723 1253 cetera
743 1231 832 1265 pars
858 1220 995 1253 animae
1014 1236 1060 1241 —
1079 1218 1188 1253 Paret
1214 1225 1243 1253 et
1269 1219 1317 1253 ad
1341 1230 1472 1252 numen⁴
1492 1219 1614 1252 mentis

203 1290 406 1323 momenque
423 1284 589 1312 movetur.
625 1277 712 1311 Nam
733 1277 847 1322 priore
867 1276 950 1321 1000,
980 1277 1037 1311 ubi
1055 1276 1221 1311 habemus
1240 1278 1437 1311 adiumento
1455 1282 1616 1322 motuque

204 1338 362 1379 iuvatur,
396 1335 429 1369 h.
455 1347 483 1370 e.
516 1343 611 1370 motu
643 1337 829 1370 adiuvante
854 1338 996 1370 iuvatur
1022 1335 1203 1381 (cogitavit
1230 1336 1264 1369 in
1293 1335 1356 1370 hac
1382 1345 1419 1369 re
1446 1337 1548 1380 poeta
1574 1334 1615 1368 de

208 1395 324 1430 animo
343 1406 469 1440 corpus
488 1397 657 1439 movente,
685 1394 743 1439 qui
759 1398 793 1429 et
811 1395 886 1440 ipse
906 1397 1050 1429 externa
1068 1394 1101 1428 vi
1120 1394 1211 1428 aeris
1229 1394 1379 1438 iuvatur,
1407 1393 1483 1427 vide
1502 1404 1549 1427 vs.
1571 1392 1616 1427 IV

207 1451 394 1499 874—94)
424 1452 509 1488 illud
535 1455 731 1488 adiumento
766 1453 832 1488 nisi
874 1465 915 1487 ex
954 1453 1180 1487 similitudine
1208 1452 1304 1487 verbi
1335 1454 1476 1487 iuvatur
1502 1454 1615 1486 ortum

205 1525 273 1548 non
302 1513 448 1556 videtur,
474 1513 510 1547 in
538 1512 645 1547 altero
665 1516 778 1547 autem
798 1523 912 1557 versu,
938 1512 996 1547 ubi
1021 1514 1124 1558 poeta
1142 1511 1247 1547 verba
1273 1513 1320 1546 ad
1344 1524 1471 1546 numen
1495 1512 1616 1546 mentis

204 1585 407 1619 momenque
447 1572 532 1607 satis
572 1571 706 1607 abunde
753 1571 795 1606 ad
833 1572 1042 1607 sententiam
1082 1571 1275 1616 composuit
1310 1590 1352 1594 -
1389 1574 1469 1605 sunt
1508 1570 1615 1605 enim:

205 1635 303 1668 iussa
334 1639 366 1667 et
395 1632 550 1678 impulsa
578 1638 688 1666 mente
719 1629 853 1677 (anima
880 1630 1070 1674 movetur),
1103 1630 1145 1664 cf.
1173 1627 1369 1676 111188J89
1396 1631 1543 1664 momine
1573 1648 1613 1652 —

204 1704 316 1738 parvo
344 1711 390 1714 —
418 1691 584 1738 impulsa,
612 1698 767 1726 movetur
787 1710 830 1713 —
853 1696 884 1725 et
909 1690 1044 1725 tantillo
1071 1691 1218 1724 momine
1233 1690 1341 1735 flutat
1358 1709 1405 1712 —
1425 1689 1500 1723 soni
1519 1688 1615 1723 simi-

207 1750 318 1785 litudo
346 1753 467 1796 aperta
494 1753 547 1785 est
572 1748 630 1794 (cf.
659 1750 762 1784 etiam
790 1748 866 1784 Liv.
888 1748 959 1783 Vll.
980 1750 1038 1793 30,
1059 1749 1106 1784 20
1132 1750 1273 1783 adnuite
1291 1775 1298 1782 .
1319 1775 1327 1782 .
1349 1775 1356 1783 .
1376 1775 1383 1782 .
1403 1756 1525 1783 nutum
1550 1761 1615 1782 nu-

206 1821 352 1855 menque
377 1815 528 1843 vestrum
557 1805 772 1855 Campanis).

308 1866 390 1903 Post
423 1867 507 1902 haec
537 1867 715 1902 nominum
750 1865 909 1912 exempla
940 1865 982 1901 ad
1015 1865 1184 1901 adiectiva
1215 1869 1369 1910 transeo,
1397 1876 1484 1911 quae
1511 1876 1618 1911 parva

208 1930 310 1972 egent
340 1926 539 1973 explicandi
572 1936 689 1972 opera.
745 1925 863 1971 Neque
895 1925 984 1960 enim
1016 1925 1052 1960 in
1080 1936 1129 1960 vs.
1154 1924 1167 1959 Ι
1193 1922 1323 1971 778179
1355 1932 1391 1959 at
1415 1924 1619 1971 primordia

206 1987 399 2035 qiqnundz's
424 1987 462 2021 in
489 1985 590 2021 rebus
617 1991 750 2033 oportet
777 1983 881 2030 (quod
909 1996 928 2020 a
947 1983 1169 2020 Lachmanno
1195 1983 1232 2019 in
1257 1990 1423 2020 necessest
1448 1985 1616 2018 mutatum

210 2046 331 2082 Munro
372 2046 538 2087 restituit)
572 2046 748 2080 Naturam
780 2046 1029 2080 clandestinam
1059 2057 1262 2091 caecamque
1294 2044 1456 2078 adhibere
1487 2042 1618 2077 duobus

211 2105 388 2139 adiectivis
415 2104 506 2139 idem
535 2104 692 2139 denotari
720 2103 900 2138 obscurum
930 2107 999 2147 est,
1033 2113 1119 2148 quae
1153 2103 1274 2137 iterum
1308 2105 1410 2148 poeta
1441 2100 1620 2135 coniunxit

212 2163 241 2199 II
268 2165 334 2198 1⁶28
360 2171 471 2200 motus
495 2184 543 2188 —
562 2164 792 2199 clandestinos
818 2176 1014 2210 caecosque,
1043 2173 1153 2207 neque
1180 2161 1264 2196 haec
1290 2160 1441 2196 eiusdem
1469 2159 1619 2195 allitera-

212 2223 316 2257 tionis
344 2234 416 2258 esse
444 2222 621 2269 exempla:
658 2222 688 2256 II
715 2223 807 2258 1104
841 2224 1085 2267 exanimatque
1114 2222 1278 2267 indiynos
1312 2222 1418 2266 inque
1442 2226 1618 2263 merentes,

213 2281 260 2316 HI
286 2279 388 2327 8001‘1
423 2284 509 2328 quid
541 2283 633 2317 enim
665 2283 834 2317 diversius
868 2293 938 2316 esse
966 2280 1195 2327 putandumst
1223 2280 1294 2314 Aut
1323 2280 1435 2326 mayis
1465 2280 1555 2313 inter
1586 2291 1620 2314 se

213 2343 424 2376 disiunctum
450 2343 758 2389 discrepitansque‚
787 2341 843 2376 ubi
872 2340 1000 2375 senties
1019 2340 1087 2373 vim
1116 2349 1254 2383 gravem
1280 2338 1461 2373 verborum
1489 2338 1618 2383 copiae,

215 2399 243 2433 V
266 2400 358 2434 1439
387 2406 417 2434 et
443 2402 555 2435 divisa
574 2401 749 2436 colebatur
767 2402 984 2446 discretaque
1003 2398 1114 2442 tellus,
1143 2396 1188 2432 IV
1207 2397 1277 2432 958
1305 2404 1336 2432 et
1361 2398 1507 2432 divisior
1531 2399 1621 2433 inter
