1835 2765
874 36 921 72 37

197 134 339 170 alteriue
363 136 500 183 maqm’e
524 147 718 183 maynoque
743 142 880 171 coactu.-
908 146 1031 181 magno
1056 138 1176 174 coactu
1200 137 1324 174 virium
1350 137 1493 175 alterius
1518 148 1593 175 ma-

196 203 356 239 gnarum,
388 193 418 230 II
446 195 535 230 1131
566 196 653 230 viris
685 201 717 229 et
744 195 851 230 robur
876 195 1051 230 adultum.-
1082 196 1187 232 robur
1217 196 1370 234 adultum
1396 198 1522 234 virium
1547 198 1592 235 ef.

196 251 271 289 Liv.
289 252 419 289 XXVII
436 254 483 290 46
509 266 656 301 quorum
674 255 831 301 eorporis
856 255 985 301 species
1009 254 1182 302 roburque
1206 257 1334 292 virium
1358 264 1478 305 aptum
1501 257 1594 294 mili-

197 314 264 348 tiae
288 313 481 358 videbatur,
509 322 718 358 quamquam
743 311 820 348 aliis
838 312 923 348 loeis
940 312 1045 348 robur
1062 313 1181 349 eadem
1200 315 1368 351 sententia
1385 319 1486 362 atque
1502 317 1594 353 vires

196 382 273 408 cum
307 372 370 407 hae
403 382 483 408 voce
518 370 736 406 coniunctum
772 373 832 406 aut
864 373 1032 406 mutatum
1067 371 1241 417 videmus,
1273 372 1315 408 ef.
1342 373 1442 419 Verg.
1470 374 1592 421 Georg.

198 431 336 468 111235
362 432 424 468 ubi
452 431 628 467 collectum
658 430 766 466 robur
795 432 953 482 viresque
983 431 1130 478 refectae
1159 434 1193 468 et
1224 431 1331 469 Taciti
1362 431 1490 469 Histor.
1516 433 1594 471 libr.

201 490 308 538 Icap.
328 492 374 526 87
400 492 491 525 vires
516 497 548 525 et
571 489 679 525 robur
704 492 891 533 exereitus,-
917 490 1039 527 deinde
1064 490 1110 527 III
1128 492 1197 527 276
1222 494 1262 527 in
1285 495 1412 528 nostris
1436 494 1594 530 mernor-is

198 558 229 586 et
254 562 398 598 corpore
423 556 510 585 toto:
542 548 578 584 in
605 549 763 585 omnibus
793 549 957 586 membris
988 550 1142 597 corporis
1172 550 1280 587 nostri
1306 551 1349 587 ef.
1375 552 1446 588 375
1471 565 1595 600 corpus

199 629 242 634 —
264 617 295 645 et
309 611 462 644 viscera.-
489 608 620 643 viscera
646 609 811 655 corporis,
837 607 967 656 680l81
988 623 1064 645 oum
1089 623 1232 657 corpore
1249 618 1281 646 et
1295 624 1368 646 una
1384 610 1470 647 Cum
1493 624 1596 647 mem-

199 669 290 704 bris.-
316 677 387 702 una
411 677 490 702 eum
516 666 670 713 eorporis
697 667 874 712 membris,
902 668 972 703 735
990 681 1138 715 corpora
1157 676 1188 704 et
1212 676 1327 705 artus.-
1353 671 1449 705 artus
1474 680 1598 716 eorpo-

198 738 274 762 rum
301 729 340 761 ut
365 725 396 761 ΙΙ
413 726 481 762 271
505 738 573 773 per
598 733 705 761 totum
731 738 856 773 corpus
882 733 913 762 et
938 734 1052 762 artus.-
1079 738 1140 773 per
1165 738 1283 765 omnes
1308 728 1462 775 eorporis
1489 731 1596 774 artus,

198 784 335 821 111643
353 797 447 820 ‘mens
473 792 575 832 atque
600 785 749 820 hominis
775 786 847 819 vis.-
873 795 970 820 mens
995 785 1157 831 hominis;
1183 785 1229 822 ΠΙ
1248 786 1317 823 886
1334 788 1437 823 malis
1460 799 1595 823 morsu-

200 857 283 892 que:
309 843 479 880 malarum
505 855 636 889 morsu,
662 844 733 880 908
752 845 801 879 ad
824 856 981 879 somnum
999 863 1044 868 ——
1061 851 1162 892 atque
1188 847 1349 892 quietem:
1375 845 1419 882 ad
1444 846 1595 894 quietem

199 903 312 939 somni
338 903 380 938 ef.
404 901 498 939 Curt.
517 902 574 938 VI.
602 903 664 948 10,
697 904 740 938 13
772 903 838 938 alti
862 905 956 950 quies
982 905 1111 946 somni3
1144 903 1186 940 de
1210 907 1320 941 morte
1345 915 1482 941 somnus
1508 906 1595 942 aoei-

198 962 346 1009 piendus
373 965 425 997 est
451 962 555 998 etiam
581 962 616 997 in
643 961 730 997 Aen.
749 960 782 997 X
802 962 884 1007 745,
909 961 974 997 XII
991 962 1080 1006 3093
1104 983 1146 989 —
1167 961 1215 997 III
1232 963 1303 999 964
1327 976 1387 999 nec
1413 966 1596 1012 quiequam

200 1023 240 1057 in
265 1021 467 1057 barathrum
491 1034 553 1056 neo
583 1020 736 1056 Tartara
762 1021 898 1056 deditur
923 1027 1019 1056 atra.-
1045 1021 1081 1055 in
1108 1024 1220 1056 atrum
1247 1020 1469 1057 Tartarorum
1495 1022 1594 1059 bara-

203 1080 332 1126 thrum,
358 1079 404 1116 IV
422 1081 494 1116 230
518 1083 556 1115 in
584 1081 658 1115 luce
683 1087 715 1115 et
739 1080 833 1115 claro
860 1081 1026 1115 candore:
1059 1080 1095 1115 in
1125 1080 1216 1115 claro
1248 1080 1395 1116 candore
1423 1079 1508 1116 lucis
1535 1081 1595 1125 (im

200 1139 314 1175 hellen
340 1138 441 1174 Lieht
467 1139 526 1174 des
553 1138 690 1184 Tages),
717 1139 789 1175 504
814 1140 887 1174 vita
912 1139 1088 1186 salusque:
1121 1138 1211 1174 vitae
1237 1138 1340 1184 salus,
1370 1138 1439 1174 849
1466 1151 1507 1174 ex
1531 1152 1597 1175 usu

199 1201 353 1246 vitaque:
380 1210 421 1234 ex
444 1209 508 1233 usu
526 1198 630 1243 vitae,
657 1197 686 1233 V
705 1199 751 1233 35
773 1205 921 1245 propter
938 1197 1138 1235 Atlanteum
1156 1198 1235 1234 litus
1255 1198 1446 1246 pelaqeque
1462 1210 1596 1234 severa.-

200 1261 342 1304 propter
366 1257 447 1292 litus
465 1256 618 1292 Atlantei
645 1257 750 1291 maris
777 1257 898 1302 severi,
926 1257 997 1292 335
1019 1264 1147 1292 natura
1172 1257 1254 1292 haec
1278 1268 1394 1292 rerum
1418 1258 1595 1304 ratioque&

200 1317 285 1352 haee
316 1316 403 1351 ratio
436 1318 578 1351 naturae
610 1326 724 1351 rerum
759 1314 885 1359 (dieses
917 1314 1192 1362 Natursystem),
1225 1316 1295 1351 383
1327 1316 1380 1351 sol
1410 1323 1441 1351 et
1467 1328 1595 1363 vapor:

202 1385 310 1422 vapor
336 1373 428 1419 solis,
457 1374 525 1409 722
545 1375 593 1409 ad
611 1376 756 1421 speciem
774 1393 819 1398 —
838 1374 1020 1421 oculosque
1041 1376 1210 1421 patentis.-
1237 1373 1281 1409 ad
1307 1374 1456 1421 speeiem
1483 1373 1596 1410 oculo-

203 1445 279 1470 rum
299 1433 502 1481 patentium,
526 1433 596 1469 724
611 1433 869 1481 ⁸91lomeramim'e
886 1439 987 1480 atque
1003 1432 1101 1480 pilai
1114 1432 1174 1469 ubi
1190 1431 1314 1469 Munro
1332 1435 1424 1469 reete
1441 1432 1595 1469 animad-

204 1494 307 1529 vertit
340 1493 572 1538 glomeramen
606 1495 706 1537 atque
738 1491 843 1537 pilam
878 1502 952 1527 esse
988 1491 1080 1527 idem
1118 1494 1221 1538 atque
1256 1492 1397 1539 qlobum
1427 1493 1525 1540 pilai
1558 1492 1594 1527 in

203 1564 235 1588 v.
256 1553 325 1587 718
344 1551 378 1586 h.
398 1562 427 1586 e.
443 1551 623 1598 ylobosum
648 1562 773 1597 corpus
793 1551 898 1597 pilai,
926 1547 1058 1596 883s84
1081 1551 1220 1585 validae
1243 1552 1334 1586 vires
1352 1569 1399 1574 —
1416 1550 1592 1586 Membra-

204 1625 285 1659 que:
316 1610 450 1646 validae
475 1610 566 1645 vires
591 1608 823 1645 membrorum
848 1611 887 1644 ut
912 1608 957 1644 VI
982 1609 1074 1645 1202
1100 1616 1190 1645 totae
1213 1611 1303 1645 vires
1329 1621 1522 1657 corpusque
1546 1608 1589 1644 ef.

203 1670 306 1705 etiam
332 1668 377 1704 IV
396 1668 468 1703 534
494 1681 535 1703 ex
558 1669 734 1703 hominum
757 1669 872 1703 nervis
897 1680 938 1702 ao
961 1668 1091 1702 viribus
1123 1667 1202 1711 (von
1228 1667 1294 1703 den
1319 1667 1591 1703 Nervenkraften

203 1728 264 1764 der
288 1724 499 1772 Mensohen),
526 1725 556 1761 V
576 1727 668 1762 1083
695 1738 823 1773 aquam
847 1745 895 1751 —
922 1733 953 1761 et
976 1725 1115 1761 imbris.-
1146 1736 1268 1771 aquam
1294 1725 1432 1770 imbris,
1458 1725 1513 1760 cui
1537 1735 1592 1761 re-

203 1786 372 1834 spondent
396 1788 516 1832 postea
539 1786 633 1821 venti
655 1797 843 1832 auraeque:
877 1795 982 1820 aurae
1006 1787 1202 1830 ventorum,
1228 1783 1274 1819 VI
1294 1784 1362 1820 128
1388 1785 1440 1819 vie
1465 1785 1537 1820 eius
1562 1791 1594 1819 et

201 1849 347 1892 impetus
372 1856 467 1879 acer.-
497 1843 550 1878 vis
585 1843 673 1878 aeris
703 1843 853 1888 impetus
886 1843 976 1887 eius,
1003 1842 1086 1878 item
1118 1843 1153 1878 in
1178 1854 1211 1877 v.
1235 1843 1303 1878 281
1332 1853 1374 1878 ex
1399 1842 1593 1878 coniectura

202 1903 430 1948 Lachmanni‚
463 1901 580 1950 peiore
614 1904 729 1937 tamen
762 1900 822 1936 illa
848 1911 951 1947 quam
977 1900 1112 1938 Bentlei
1136 1901 1276 1937 invento
1301 1912 1321 1937 a
1346 1899 1532 1947 Bernaysio
1558 1902 1592 1936 et

202 1964 369 2000 Munrone
384 1964 545 2008 accepto,
571 1960 618 1996 VI
635 1961 703 1996 301
730 1962 769 1995 in
794 1963 907 2007 spatio
934 1961 1103 2008 longoque
1127 1969 1239 1997 meatu
1265 1959 1400 2005 (Munro
1425 1960 1530 1996 vertit
1554 1959 1590 1994 in

154 2031 157 2034 ·
202 2022 260 2058 the
284 2032 405 2057 course
430 2020 467 2055 of
488 2019 533 2055 its
558 2019 639 2063 long
659 2016 795 2063 travel)‚
822 2018 892 2053 395
910 2019 1045 2053 turbine
1062 2020 1198 2054 caelesti
1214 2038 1260 2043 —
1278 2026 1309 2053 et
1332 2020 1427 2065 iqui.-
1453 2017 1590 2052 turbine

202 2081 292 2126 ignis
317 2079 490 2124 caelestiS,
521 2078 591 2114 802
616 2078 867 2123 carbonumque
893 2079 1014 2123 qravie
1042 2079 1095 2112 vie
1124 2085 1227 2124 atque
1257 2078 1342 2112 odor
1372 2075 1441 2119 (die
1467 2075 1588 2111 betau-

203 2139 313 2176 bende
336 2137 506 2182 Wirkung
530 2136 590 2172 des
615 2135 901 2177 Kohlendunstes)
927 2134 969 2170 ef.
993 2146 1025 2169 v.
1049 2135 1121 2171 830
1145 2138 1197 2171 vis
1230 2137 1311 2170 haec
1341 2141 1443 2181 atque
1477 2141 1590 2170 aestus

203 2200 352 2236 Averni.-
378 2197 462 2234 baee
486 2196 539 2232 vis
565 2198 679 2232 aestus
696 2193 834 2231 Averni.
879 2192 936 2229 Sic
960 2193 1058 2240 capio
1084 2194 1187 2230 etiam
1214 2193 1297 2229 illud
1323 2194 1415 2229 locus
1441 2205 1483 2229 ac
1507 2206 1590 2241 spa-

204 2261 289 2294 tium
313 2257 329 2293 I
353 2258 438 2302 426,
463 2257 546 2300 472,
572 2255 656 2299 955,
685 2254 788 2298 1074,
814 2253 904 2299 quod
930 2263 991 2299 pro
1017 2253 1128 2298 spatio
1154 2253 1219 2288 loci
1245 2253 1372 2288 dictum
1409 2264 1485 2288 esse
1517 2253 1589 2289 exi-

205 2317 317 2362 stimo,
344 2315 387 2351 cf.
406 2314 420 2350 Ι
440 2314 544 2359 1002,
562 2313 592 2349 V
609 2314 681 2350 370
704 2320 832 2349 natura
856 2313 924 2347 loci
947 2312 1163 2358 spatiumque
1182 2311 1359 2359 profundi
1383 2311 1474 2357 quod
1499 2311 1590 2347 idem

205 2376 277 2412 fere
302 2375 436 2411 videtur
468 2385 542 2410 esse
572 2376 674 2420 atque
704 2372 769 2408 loci
802 2371 949 2419 spatium
983 2370 1199 2417 profundum.
1228 2390 1272 2395 —
1299 2369 1388 2406 Aliis
1413 2370 1498 2407 loeis
1528 2381 1591 2406 nos

207 2435 310 2469 etiam
335 2432 589 2480 praepositione
613 2432 665 2467 uti
690 2442 775 2478 opus
800 2433 867 2475 est,
900 2429 958 2465 ubi
988 2428 1134 2475 scriptor
1158 2427 1303 2465 Latinus
1333 2429 1420 2465 illud
1452 2429 1591 2466 hendia-
