1835 2765
904 32 951 66 39

227 131 345 177 liquit,
379 131 449 166 448
482 133 568 178 puri
591 132 777 177 secretique
802 131 947 165 aetheris
972 131 1076 177 ignis,
1108 131 1200 166 1023
1226 132 1286 166 sed
1312 131 1402 166 bona
1427 134 1623 178 myrtoque

220 202 309 236 pars
344 190 502 225 servabat
529 191 681 236 foedera
719 197 809 225 caste
846 193 1029 224 occurrunt
1067 192 1186 235 aperta
1224 189 1415 235 pleonasmi
1446 189 1621 236 exempla.

226 247 364 284 Phrasis
391 252 563 295 postremo
590 248 664 283 loco
690 248 806 292 allata,
835 258 922 294 quae
949 258 1085 293 prosam
1113 247 1336 283 elocutionem
1357 249 1459 295 sapit,
1485 248 1621 284 inveni-

225 310 281 342 tur
313 308 416 343 etiam
450 309 486 343 in
513 307 651 343 Terenti
677 306 843 343 Eunucho
870 306 908 349 (l.
937 307 972 351 2,
990 308 1050 349 43)
1083 317 1184 352 quem
1211 305 1440 343 Wakefieldus
1466 308 1622 344 nominat

225 377 292 400 una
318 376 394 401 cum
413 366 549 401 Valerio
567 365 719 400 Maximo
747 365 802 408 (II.
828 366 862 409 9,
883 365 928 407 7).
957 383 1002 388 —
1030 364 1189 409 Denique
1207 375 1226 399 e
1243 364 1330 399 libro
1349 365 1392 399 VI
1411 366 1494 401 haec
1512 366 1621 402 habeo

226 435 311 470 quae
337 424 494 460 afferam:
524 424 693 459 adiectiva
708 425 830 470 fluxus
850 430 1082 470 pertueueque
1100 422 1135 458 in
1154 435 1185 458 v.
1206 424 1264 468 20,
1290 423 1332 459 de
1358 434 1499 470 corpore
1522 426 1621 471 quasi

225 484 267 519 de
299 495 379 519 vase
411 484 520 528 dicta,
551 483 593 518 de
625 494 692 529 qua
723 482 948 518 translatione
979 482 1023 518 cf.
1051 482 1188 517 Terenti
1219 493 1355 518 versum
1388 483 1424 518 in
1457 482 1621 520 Eunucho

222 544 345 590 plenus
374 544 543 578 -m'marum
569 556 661 588 sum,
695 544 760 578 huc
785 550 887 590 atque
910 543 995 578 illue
1017 544 1169 590 perfluo,
1204 540 1245 589 (Ι.
1270 543 1305 587 2,
1324 539 1387 589 25)
1413 554 1619 590 quamquam

225 607 369 647 utroque
399 601 474 636 loco
506 602 677 637 diversum
711 606 763 637 est
794 602 1030 637 translationis
1064 602 1263 645 consilium3
1298 601 1422 638 deinde
1449 602 1503 637 hic
1528 613 1620 637 com-

224 660 446 695 memoranda
479 664 558 695 sunt
588 661 692 695 verba
723 671 881 696 versuum
917 660 1045 703 133s34
1075 673 1216 696 ramosa
1242 683 1288 687 —
1315 660 1451 696 Nubila
1477 680 1521 685 —
1549 674 1622 696 mo-

224 721 278 754 dis
313 720 429 754 multis
465 727 567 766 atque
598 733 742 766 aspera‚·
783 730 863 754 nam
894 730 938 754 ne
971 730 1093 765 aspera
1124 719 1259 764 quidem
1292 719 1410 756 nubila
1440 719 1510 756 alia
1541 725 1623 756 sunt

225 789 326 823 quam
354 790 440 824 quae
465 791 606 813 ramosa
631 776 875 821 significantur.
906 796 949 800 —
978 776 1137 812 Omnium
1164 777 1284 812 horum
1312 778 1548 825 exemplorum
1568 784 1622 814 to-

224 837 359 882 tiusque
385 837 485 872 huius
509 837 633 883 capitis
651 835 753 872 finem
779 836 884 871 faciat
919 847 1037 871 versus
1068 837 1139 871 444
1170 836 1249 872 libri
1276 836 1321 872 111
1348 838 1397 873 ita
1422 842 1461 873 ut
1485 839 1521 874 in
1548 838 1621 874 edi-

223 896 373 931 tionibus
399 896 638 931 circumfertur
662 895 790 930 nullius
817 894 1047 930 abundantiae
1073 894 1139 930 sibi
1156 896 1311 930 conscius
1329 896 1401 941 sed,
1429 900 1467 932 ut
1485 897 1619 944 opinor,

224 965 245 989 a
277 954 360 990 viris
392 954 501 990 doctis
533 954 685 990 nondum
713 957 791 1000 apte
817 953 1059 989 conformatus.
1111 952 1256 989 Versum
1284 954 1373 989 enim
1401 966 1421 990 a
1445 955 1619 992 codicibus

223 1014 273 1050 sic
299 1014 480 1050 traditum:

470 1082 622 1130 Corpore
647 1084 710 1129 qm·
733 1089 850 1117 nostro
876 1094 979 1116 rarus
1005 1083 1116 1128 Μοιρὼ
1142 1082 1374 1126 incohibeecit,

224 1158 316 1203 quod
343 1158 428 1193 nihil
455 1162 517 1201 est,
544 1156 785 1191 Lachmannus
812 1157 862 1191 sic
887 1159 1100 1191 mutaverat:

458 1225 609 1273 Corpore
635 1228 697 1272 qui
719 1232 836 1260 nostro
862 1237 966 1259 rarus
992 1226 1103 1272 mayis
1128 1227 1159 1259 is
1186 1225 1385 1261 combassit?

222 1300 313 1346 quod
340 1311 546 1345 quamquam
574 1311 594 1334 a
621 1298 786 1334 Munrone
814 1298 990 1345 probatur,
1017 1303 1132 1334 tamen
1158 1298 1243 1333 mihi
1270 1299 1321 1334 rei
1345 1310 1413 1335 non
1440 1299 1542 1346 plane
1567 1301 1618 1335 vi-

223 1359 322 1393 detur
354 1359 546 1393 convenire.
597 1357 684 1393 Nam
719 1360 957 1403 praeterquam
986 1357 1075 1403 quod
1102 1357 1272 1393 obiectum
1298 1358 1333 1393 in
1360 1369 1392 1393 v.
1419 1360 1492 1394 444
1517 1370 1618 1404 aegre

222 1417 446 1458 desideratur,
473 1418 576 1452 etiam
603 1416 730 1462 duplex
755 1416 815 1451 illa
840 1427 941 1462 quam
968 1415 1209 1451 Lachmannus
1235 1416 1367 1452 invexit
1392 1418 1616 1462 interrogatio

224 1476 368 1512 molesta
393 1477 478 1512 mihi
504 1475 639 1512 videtur
666 1486 775 1522 neque
801 1478 881 1521 apte
907 1475 1098 1511 sententiae
1115 1475 1259 1521 ponderi
1279 1476 1443 1512 serviens.
1479 1476 1615 1514 Rectius

222 1537 253 1572 is
281 1536 364 1571 mihi
392 1536 528 1571 videtur
554 1546 654 1579 agere
681 1535 739 1580 qni
765 1546 901 1570 versum
927 1535 999 1569 444
1026 1538 1062 1569 ut
1087 1535 1303 1570 enuntiatum
1330 1536 1510 1571 relativum
1538 1548 1614 1573 cau-

222 1607 293 1630 sam
315 1595 497 1630 verborum
515 1593 794 1641 praecedentium
813 1591 933 1629 afferre
951 1593 1136 1638 existimat,
1165 1596 1299 1628 tantum
1318 1595 1407 1640 quod
1425 1594 1613 1642 Bernaysio

221 1655 279 1689 vix
305 1654 522 1698 assentietur,
549 1653 624 1688 viro
650 1653 773 1689 ceteris
799 1652 900 1688 rebus
926 1651 1121 1687 doctissimo
1148 1655 1249 1698 atque
1268 1653 1458 1698 ingenioso,
1484 1655 1541 1700 qui
1560 1658 1613 1690 ta-

222 1723 299 1747 men
325 1712 409 1747 haec
434 1712 606 1747 coniciens

434 1780 586 1828 Corpore
612 1782 675 1828 qui
697 1787 814 1816 nostro
840 1792 943 1815 rarus
968 1781 1078 1827 mayis
1103 1792 1210 1827 neque
1235 1780 1393 1828 liquescit

220 1865 300 1888 num
335 1857 450 1900 aptam
484 1855 688 1888 sententiam
714 1853 855 1888 finxerit
879 1864 942 1898 ego
967 1864 1023 1888 me
1047 1853 1203 1888 dubitare
1229 1853 1401 1889 confiteor.
1453 1854 1611 1890 Ceterum

221 1913 302 1961 quid
328 1924 446 1949 verum
473 1913 518 1949 sit
543 1912 730 1948 diiudicare
756 1911 895 1948 difficile
922 1912 998 1958 erit,
1025 1922 1102 1947 cum
1128 1911 1304 1959 probabile
1330 1913 1375 1949 sit
1400 1924 1534 1949 versum
1561 1914 1611 1949 ita

221 1974 445 2019 depravatum
472 1983 564 2017 esse,
595 1976 634 2007 ut
658 1972 789 2007 scribae
815 1972 903 2006 oculi
929 1972 972 2007 ad
998 1972 1137 2007 verbum
1166 1974 1352 2009 cohiberier
1377 1974 1610 2019 praecedentis

222 2043 340 2067 versus
371 2031 585 2073 aberrarent3
618 2031 647 2065 si
673 2032 787 2065 autem
814 2033 998 2075 propterea
1023 2030 1227 2065 concedetur
1252 2031 1319 2066 nisi
1345 2032 1415 2066 acri
1440 2031 1611 2068 medicina

221 2103 355 2128 versum
383 2091 498 2127 sanari
523 2102 590 2126 non
616 2100 725 2136 posse,
752 2089 839 2124 hano
864 2088 1095 2125 coniecturam
1123 2100 1314 2136 proponere
1340 2090 1502 2126 audeam:

448 2159 599 2207 Corpore
624 2161 685 2206 qui
707 2165 824 2193 nostro
848 2170 952 2192 rarus
976 2160 1088 2204 mayie
1113 2171 1154 2193 ac
1180 2161 1288 2193 tenuis
1312 2159 1378 2193 sit?

222 2246 288 2270 non
321 2237 448 2270 certam
484 2234 529 2269 in'
550 2244 588 2269 re
624 2238 692 2268 tam
720 2233 850 2268 incerta
876 2230 934 2267 sed
961 2242 1028 2277 qua
1053 2232 1223 2267 sententia
1249 2231 1359 2278 qualis
1386 2243 1461 2269 esse
1487 2233 1610 2270 debeat

224 2293 443 2338 significetur.
523 2292 526 2295 ‘
