<?xml version="1.0" encoding="UTF-8"?>
<!DOCTYPE html PUBLIC "-//W3C//DTD XHTML 1.0 Transitional//EN"
    "http://www.w3.org/TR/xhtml1/DTD/xhtml1-transitional.dtd">
<html xmlns="http://www.w3.org/1999/xhtml" xml:lang="en" lang="en">
 <head>
  <title>
</title>
<meta http-equiv="Content-Type" content="text/html;charset=utf-8" />
  <meta name='ocr-system' content='tesseract 3.04.00' />
  <meta name='ocr-capabilities' content='ocr_page ocr_carea ocr_par ocr_line ocrx_word'/>
</head>
<body>
  <div class='ocr_page' id='page_1' title='image "./4771754_0054.png"; bbox 0 0 1835 2765; ppageno 0'>
   <div class='ocr_carea' id='block_1_1' title="bbox 915 61 962 96">
    <p class='ocr_par' dir='ltr' id='par_1_1' title="bbox 915 61 962 96">
     <span class='ocr_line' id='line_1_1' title="bbox 915 61 962 96; baseline 0 0"><span class='ocrx_word' id='word_1_1' title='bbox 915 61 962 96; x_wconf 83' lang='lat'><strong>42</strong></span> 
     </span>
    </p>
   </div>
   <div class='ocr_carea' id='block_1_2' title="bbox 225 156 1634 2517">
    <p class='ocr_par' dir='ltr' id='par_1_2' title="bbox 228 156 1634 735">
     <span class='ocr_line' id='line_1_2' title="bbox 233 156 1634 207; baseline 0.004 -17"><span class='ocrx_word' id='word_1_2' title='bbox 233 156 302 191; x_wconf 82' lang='lat'><strong>215</strong></span> <span class='ocrx_word' id='word_1_3' title='bbox 328 169 390 190; x_wconf 79' lang='lat' dir='ltr'><strong>nec</strong></span> <span class='ocrx_word' id='word_1_4' title='bbox 413 168 493 191; x_wconf 80' lang='lat' dir='ltr'><strong>vero</strong></span> <span class='ocrx_word' id='word_1_5' title='bbox 529 156 690 204; x_wconf 80' lang='lat' dir='ltr'><strong>Sulpicio</strong></span> <span class='ocrx_word' id='word_1_6' title='bbox 721 170 831 205; x_wconf 82' lang='lat' dir='ltr'><strong>neque</strong></span> <span class='ocrx_word' id='word_1_7' title='bbox 861 159 976 195; x_wconf 76' lang='lat' dir='ltr'><strong>Cottae</strong></span> <span class='ocrx_word' id='word_1_8' title='bbox 1008 161 1120 195; x_wconf 82' lang='lat' dir='ltr'><em>dicere</em></span> <span class='ocrx_word' id='word_1_9' title='bbox 1145 172 1331 207; x_wconf 69' lang='lat' dir='ltr'><strong>possumus</strong></span> <span class='ocrx_word' id='word_1_10' title='bbox 1356 182 1404 187; x_wconf 94' lang='lat'>—</span> <span class='ocrx_word' id='word_1_11' title='bbox 1429 173 1502 195; x_wconf 81' lang='lat' dir='ltr'><strong>rem</strong></span> <span class='ocrx_word' id='word_1_12' title='bbox 1526 162 1634 197; x_wconf 82' lang='lat' dir='ltr'><strong>ullam</strong></span> 
     </span>
     <span class='ocr_line' id='line_1_3' title="bbox 230 215 1634 266; baseline 0.005 -18"><span class='ocrx_word' id='word_1_13' title='bbox 230 227 272 249; x_wconf 74' lang='lat' dir='ltr'><strong>ea:</strong></span> <span class='ocrx_word' id='word_1_14' title='bbox 295 215 367 249; x_wconf 69' lang='lat' dir='ltr'><strong>illis</strong></span> <span class='ocrx_word' id='word_1_15' title='bbox 394 217 546 262; x_wconf 81' lang='lat' dir='ltr'><strong>quinque</strong></span> <span class='ocrx_word' id='word_1_16' title='bbox 580 218 742 264; x_wconf 68' lang='lat' dir='ltr'><strong>partibus</strong></span> <span class='ocrx_word' id='word_1_17' title='bbox 769 219 879 265; x_wconf 79' lang='lat' dir='ltr'><strong>plane</strong></span> <span class='ocrx_word' id='word_1_18' title='bbox 910 227 1011 266; x_wconf 74' lang='lat' dir='ltr'><strong>atque</strong></span> <span class='ocrx_word' id='word_1_19' title='bbox 1043 221 1180 254; x_wconf 80' lang='lat' dir='ltr'><strong>omnino</strong></span> <span class='ocrx_word' id='word_1_20' title='bbox 1211 219 1377 265; x_wconf 68' lang='lat' dir='ltr'><strong>defuisse,</strong></span> <span class='ocrx_word' id='word_1_21' title='bbox 1411 222 1445 255; x_wconf 90' lang='lat' dir='ltr'><strong>et</strong></span> <span class='ocrx_word' id='word_1_22' title='bbox 1479 220 1634 256; x_wconf 87' lang='lat' dir='ltr'><strong>conferre</strong></span> 
     </span>
     <span class='ocr_line' id='line_1_4' title="bbox 230 272 1634 325; baseline 0.004 -18"><span class='ocrx_word' id='word_1_23' title='bbox 230 272 315 308; x_wconf 86' lang='lat' dir='ltr'><strong>utile</strong></span> <span class='ocrx_word' id='word_1_24' title='bbox 342 274 408 308; x_wconf 90' lang='lat' dir='ltr'><strong>erit</strong></span> <span class='ocrx_word' id='word_1_25' title='bbox 434 273 573 310; x_wconf 83' lang='lat' dir='ltr'><strong>Terenti</strong></span> <span class='ocrx_word' id='word_1_26' title='bbox 601 275 749 322; x_wconf 89' lang='lat' dir='ltr'>Adelph.</span> <span class='ocrx_word' id='word_1_27' title='bbox 779 276 817 312; x_wconf 93' lang='lat' dir='ltr'><strong>V.</strong></span> <span class='ocrx_word' id='word_1_28' title='bbox 846 280 882 323; x_wconf 82' lang='lat'><strong>9,</strong></span> <span class='ocrx_word' id='word_1_29' title='bbox 901 280 946 313; x_wconf 87' lang='lat'><strong>33</strong></span> <span class='ocrx_word' id='word_1_30' title='bbox 987 278 1080 322; x_wconf 82' lang='lat' dir='ltr'><em>Quia</em></span> <span class='ocrx_word' id='word_1_31' title='bbox 1104 291 1174 313; x_wconf 78' lang='lat' dir='ltr'><strong>non</strong></span> <span class='ocrx_word' id='word_1_32' title='bbox 1204 281 1297 313; x_wconf 70' lang='lat' dir='ltr'><strong>iusta</strong></span> <span class='ocrx_word' id='word_1_33' title='bbox 1326 280 1458 316; x_wconf 65' lang='lat' dir='ltr'><strong>iniusta</strong></span> <span class='ocrx_word' id='word_1_34' title='bbox 1488 291 1634 325; x_wconf 64' lang='lat' dir='ltr'><strong>prorsus</strong></span> 
     </span>
     <span class='ocr_line' id='line_1_5' title="bbox 229 334 1632 383; baseline 0.006 -18"><span class='ocrx_word' id='word_1_35' title='bbox 229 334 346 366; x_wconf 82' lang='lat' dir='ltr'><strong>omnia</strong></span> <span class='ocrx_word' id='word_1_36' title='bbox 372 335 512 369; x_wconf 80' lang='lat' dir='ltr'><strong>omnino</strong></span> <span class='ocrx_word' id='word_1_37' title='bbox 541 335 718 382; x_wconf 72' lang='lat' dir='ltr'><strong>obsequor.</strong></span> <span class='ocrx_word' id='word_1_38' title='bbox 759 335 847 378; x_wconf 90' lang='lat' dir='ltr'><strong>Quin</strong></span> <span class='ocrx_word' id='word_1_39' title='bbox 875 338 977 372; x_wconf 86' lang='lat' dir='ltr'><strong>etiam</strong></span> <span class='ocrx_word' id='word_1_40' title='bbox 1005 337 1072 372; x_wconf 85' lang='lat' dir='ltr'><strong>tria</strong></span> <span class='ocrx_word' id='word_1_41' title='bbox 1098 337 1261 373; x_wconf 84' lang='lat' dir='ltr'><strong>adverbia</strong></span> <span class='ocrx_word' id='word_1_42' title='bbox 1287 335 1466 372; x_wconf 88' lang='lat' dir='ltr'><strong>Lucretius</strong></span> <span class='ocrx_word' id='word_1_43' title='bbox 1493 348 1632 383; x_wconf 89' lang='lat' dir='ltr'><strong>compo-</strong></span> 
     </span>
     <span class='ocr_line' id='line_1_6' title="bbox 229 390 1634 443; baseline 0.006 -20"><span class='ocrx_word' id='word_1_44' title='bbox 229 390 298 424; x_wconf 89' lang='lat' dir='ltr'><strong>suit</strong></span> <span class='ocrx_word' id='word_1_45' title='bbox 325 392 359 425; x_wconf 92' lang='lat' dir='ltr'><strong>in</strong></span> <span class='ocrx_word' id='word_1_46' title='bbox 387 403 418 426; x_wconf 93' lang='lat' dir='ltr'><strong>v.</strong></span> <span class='ocrx_word' id='word_1_47' title='bbox 447 392 476 427; x_wconf 93' lang='lat' dir='ltr'>V</span> <span class='ocrx_word' id='word_1_48' title='bbox 506 394 601 430; x_wconf 93' lang='lat'>1000</span> <span class='ocrx_word' id='word_1_49' title='bbox 626 395 681 429; x_wconf 77' lang='lat' dir='ltr'><strong>hic</strong></span> <span class='ocrx_word' id='word_1_50' title='bbox 707 403 828 430; x_wconf 78' lang='lat' dir='ltr'><strong>temere</strong></span> <span class='ocrx_word' id='word_1_51' title='bbox 852 398 891 430; x_wconf 79' lang='lat' dir='ltr'><strong>in</strong></span> <span class='ocrx_word' id='word_1_52' title='bbox 919 409 1053 431; x_wconf 70' lang='lat' dir='ltr'><strong>cassum</strong></span> <span class='ocrx_word' id='word_1_53' title='bbox 1068 397 1212 439; x_wconf 68' lang='lat' dir='ltr'><strong>frustra</strong></span> <span class='ocrx_word' id='word_1_54' title='bbox 1238 409 1332 431; x_wconf 79' lang='lat' dir='ltr'><strong>mare</strong></span> <span class='ocrx_word' id='word_1_55' title='bbox 1357 408 1459 443; x_wconf 75' lang='lat' dir='ltr'><strong>saepe</strong></span> <span class='ocrx_word' id='word_1_56' title='bbox 1481 403 1634 431; x_wconf 76' lang='lat' dir='ltr'><strong>coortum</strong></span> 
     </span>
     <span class='ocr_line' id='line_1_7' title="bbox 230 448 1634 496; baseline 0.004 -13"><span class='ocrx_word' id='word_1_57' title='bbox 230 448 399 485; x_wconf 74' lang='lat' dir='ltr'><strong>saevibat</strong></span> <span class='ocrx_word' id='word_1_58' title='bbox 431 462 518 496; x_wconf 90' lang='lat' dir='ltr'><strong>quae</strong></span> <span class='ocrx_word' id='word_1_59' title='bbox 549 452 672 487; x_wconf 90' lang='lat' dir='ltr'><strong>iterum</strong></span> <span class='ocrx_word' id='word_1_60' title='bbox 706 454 930 488; x_wconf 89' lang='lat' dir='ltr'><strong>inveniuntur</strong></span> <span class='ocrx_word' id='word_1_61' title='bbox 965 455 1000 488; x_wconf 92' lang='lat' dir='ltr'><strong>in</strong></span> <span class='ocrx_word' id='word_1_62' title='bbox 1027 466 1058 489; x_wconf 90' lang='lat' dir='ltr'><strong>v.</strong></span> <span class='ocrx_word' id='word_1_63' title='bbox 1085 454 1118 489; x_wconf 87' lang='grc' dir='ltr'><strong>ΙΙ</strong></span> <span class='ocrx_word' id='word_1_64' title='bbox 1147 456 1240 490; x_wconf 87' lang='grc'>1060</span> <span class='ocrx_word' id='word_1_65' title='bbox 1271 455 1482 489; x_wconf 73' lang='lat' dir='ltr'><em>multimodis</em></span> <span class='ocrx_word' id='word_1_66' title='bbox 1514 462 1634 489; x_wconf 79' lang='lat' dir='ltr'><strong>temere</strong></span> 
     </span>
     <span class='ocr_line' id='line_1_8' title="bbox 228 510 1634 561; baseline 0.004 -18"><span class='ocrx_word' id='word_1_67' title='bbox 228 510 266 542; x_wconf 82' lang='lat' dir='ltr'><strong>in</strong></span> <span class='ocrx_word' id='word_1_68' title='bbox 293 522 430 545; x_wconf 69' lang='lat' dir='ltr'><strong>caesum</strong></span> <span class='ocrx_word' id='word_1_69' title='bbox 444 511 655 557; x_wconf 71' lang='lat' dir='ltr'><strong><em>frustraque</em></strong></span> <span class='ocrx_word' id='word_1_70' title='bbox 681 519 799 547; x_wconf 81' lang='lat' dir='ltr'><strong>coacta</strong></span> <span class='ocrx_word' id='word_1_71' title='bbox 831 510 891 558; x_wconf 82' lang='lat' dir='ltr'><strong>(cf.</strong></span> <span class='ocrx_word' id='word_1_72' title='bbox 925 513 1029 548; x_wconf 87' lang='lat' dir='ltr'><strong>etiam</strong></span> <span class='ocrx_word' id='word_1_73' title='bbox 1059 512 1086 547; x_wconf 93' lang='lat' dir='ltr'>V</span> <span class='ocrx_word' id='word_1_74' title='bbox 1116 514 1208 549; x_wconf 79' lang='lat'>1428</span> <span class='ocrx_word' id='word_1_75' title='bbox 1248 514 1423 549; x_wconf 76' lang='lat' dir='ltr'><strong>hominum</strong></span> <span class='ocrx_word' id='word_1_76' title='bbox 1457 526 1566 561; x_wconf 62' lang='lat' dir='ltr'><strong>genus</strong></span> <span class='ocrx_word' id='word_1_77' title='bbox 1596 514 1634 548; x_wconf 77' lang='lat' dir='ltr'><strong>in</strong></span> 
     </span>
     <span class='ocr_line' id='line_1_9' title="bbox 229 569 1631 617; baseline 0.002 -13"><span class='ocrx_word' id='word_1_78' title='bbox 229 582 365 604; x_wconf 69' lang='lat' dir='ltr'><strong>caseum</strong></span> <span class='ocrx_word' id='word_1_79' title='bbox 381 571 592 617; x_wconf 71' lang='lat' dir='ltr'><strong>frustraque</strong></span> <span class='ocrx_word' id='word_1_80' title='bbox 618 569 779 616; x_wconf 78' lang='lat' dir='ltr'><strong>laborat).</strong></span> <span class='ocrx_word' id='word_1_81' title='bbox 818 570 908 606; x_wconf 86' lang='lat' dir='ltr'><strong>Mira</strong></span> <span class='ocrx_word' id='word_1_82' title='bbox 935 572 1116 607; x_wconf 88' lang='lat' dir='ltr'><strong>verborum</strong></span> <span class='ocrx_word' id='word_1_83' title='bbox 1144 573 1330 608; x_wconf 82' lang='lat' dir='ltr'><strong>cumulatio</strong></span> <span class='ocrx_word' id='word_1_84' title='bbox 1356 573 1504 609; x_wconf 86' lang='lat' dir='ltr'><strong>occurrit</strong></span> <span class='ocrx_word' id='word_1_85' title='bbox 1529 572 1631 608; x_wconf 85' lang='lat' dir='ltr'><strong>etiam</strong></span> 
     </span>
     <span class='ocr_line' id='line_1_10' title="bbox 230 628 1632 678; baseline 0.003 -16"><span class='ocrx_word' id='word_1_86' title='bbox 230 628 264 662; x_wconf 94' lang='lat' dir='ltr'><strong>in</strong></span> <span class='ocrx_word' id='word_1_87' title='bbox 294 640 324 663; x_wconf 86' lang='lat' dir='ltr'><strong>v.</strong></span> <span class='ocrx_word' id='word_1_88' title='bbox 353 628 382 663; x_wconf 92' lang='lat' dir='ltr'>V</span> <span class='ocrx_word' id='word_1_89' title='bbox 400 630 470 664; x_wconf 85' lang='lat'><strong>836</strong></span> <span class='ocrx_word' id='word_1_90' title='bbox 496 631 752 676; x_wconf 73' lang='lat' dir='ltr'><strong>interutrasque</strong></span> <span class='ocrx_word' id='word_1_91' title='bbox 779 628 842 672; x_wconf 84' lang='lat' dir='ltr'><strong>(sic</strong></span> <span class='ocrx_word' id='word_1_92' title='bbox 871 633 963 665; x_wconf 88' lang='lat' dir='ltr'><strong>recte</strong></span> <span class='ocrx_word' id='word_1_93' title='bbox 997 630 1118 666; x_wconf 84' lang='lat' dir='ltr'>scribit</span> <span class='ocrx_word' id='word_1_94' title='bbox 1146 630 1286 676; x_wconf 50' lang='lat' dir='ltr'><strong>Munr02</strong></span> <span class='ocrx_word' id='word_1_95' title='bbox 1320 643 1421 678; x_wconf 89' lang='lat' dir='ltr'><strong>quem</strong></span> <span class='ocrx_word' id='word_1_96' title='bbox 1448 632 1564 667; x_wconf 83' lang='lat' dir='ltr'><strong>videas</strong></span> <span class='ocrx_word' id='word_1_97' title='bbox 1590 632 1632 666; x_wconf 89' lang='lat' dir='ltr'><strong>ad</strong></span> 
     </span>
     <span class='ocr_line' id='line_1_11' title="bbox 230 685 1633 735; baseline 0.004 -14"><span class='ocrx_word' id='word_1_98' title='bbox 230 698 261 720; x_wconf 93' lang='lat' dir='ltr'><strong>v.</strong></span> <span class='ocrx_word' id='word_1_99' title='bbox 290 686 319 721; x_wconf 88' lang='grc' dir='ltr'><strong>ΙΙ</strong></span> <span class='ocrx_word' id='word_1_100' title='bbox 344 685 431 732; x_wconf 79' lang='grc'>518)</span> <span class='ocrx_word' id='word_1_101' title='bbox 462 701 523 722; x_wconf 81' lang='lat' dir='ltr'><strong>nec</strong></span> <span class='ocrx_word' id='word_1_102' title='bbox 552 695 671 723; x_wconf 76' lang='lat' dir='ltr'><strong>utrum</strong></span> <span class='ocrx_word' id='word_1_103' title='bbox 702 691 877 735; x_wconf 77' lang='lat' dir='ltr'><em>utrimque</em></span> <span class='ocrx_word' id='word_1_104' title='bbox 914 696 1097 733; x_wconf 74' lang='lat' dir='ltr'><strong>remotum,</strong></span> <span class='ocrx_word' id='word_1_105' title='bbox 1137 692 1240 735; x_wconf 84' lang='lat' dir='ltr'><strong>atque</strong></span> <span class='ocrx_word' id='word_1_106' title='bbox 1277 690 1312 724; x_wconf 89' lang='lat' dir='ltr'><strong>in</strong></span> <span class='ocrx_word' id='word_1_107' title='bbox 1347 702 1396 726; x_wconf 87' lang='lat' dir='ltr'><strong>vs.</strong></span> <span class='ocrx_word' id='word_1_108' title='bbox 1424 690 1452 726; x_wconf 91' lang='lat' dir='ltr'>V</span> <span class='ocrx_word' id='word_1_109' title='bbox 1479 691 1633 726; x_wconf 80' lang='lat'>92—94</span> 
     </span>
    </p>

    <p class='ocr_par' dir='ltr' id='par_1_3' title="bbox 403 747 1295 794">
     <span class='ocr_line' id='line_1_12' title="bbox 403 747 1295 794; baseline 0.003 -14"><span class='ocrx_word' id='word_1_110' title='bbox 403 747 589 793; x_wconf 68' lang='lat' dir='ltr'><strong>Principio</strong></span> <span class='ocrx_word' id='word_1_111' title='bbox 616 749 732 781; x_wconf 75' lang='lat' dir='ltr'><strong>‘maria</strong></span> <span class='ocrx_word' id='word_1_112' title='bbox 758 760 799 781; x_wconf 79' lang='lat' dir='ltr'><strong>ac</strong></span> <span class='ocrx_word' id='word_1_113' title='bbox 826 754 937 782; x_wconf 66' lang='lat' dir='ltr'><strong>terrac</strong></span> <span class='ocrx_word' id='word_1_114' title='bbox 964 749 1160 794; x_wconf 79' lang='lat' dir='ltr'><strong>caelumque</strong></span> <span class='ocrx_word' id='word_1_115' title='bbox 1185 755 1277 783; x_wconf 81' lang='lat' dir='ltr'><strong>tuere</strong></span> <span class='ocrx_word' id='word_1_116' title='bbox 1284 762 1295 789; x_wconf 83' lang='grc'><strong>,-</strong></span> 
     </span>
    </p>

    <p class='ocr_par' dir='ltr' id='par_1_4' title="bbox 405 804 1427 854">
     <span class='ocr_line' id='line_1_13' title="bbox 405 804 1427 854; baseline 0.002 -15"><span class='ocrx_word' id='word_1_117' title='bbox 405 804 563 849; x_wconf 81' lang='lat' dir='ltr'><strong>Quorum</strong></span> <span class='ocrx_word' id='word_1_118' title='bbox 587 813 752 840; x_wconf 78' lang='lat' dir='ltr'><strong>naturam</strong></span> <span class='ocrx_word' id='word_1_119' title='bbox 778 807 962 853; x_wconf 72' lang='lat' dir='ltr'><em>triplicem,</em></span> <span class='ocrx_word' id='word_1_120' title='bbox 991 808 1061 841; x_wconf 79' lang='lat' dir='ltr'><strong>tria</strong></span> <span class='ocrx_word' id='word_1_121' title='bbox 1086 819 1247 854; x_wconf 75' lang='lat' dir='ltr'><strong>corpora,</strong></span> <span class='ocrx_word' id='word_1_122' title='bbox 1275 808 1427 851; x_wconf 81' lang='lat' dir='ltr'><strong>Memmi,</strong></span> 
     </span>
    </p>

    <p class='ocr_par' dir='ltr' id='par_1_5' title="bbox 408 863 1290 911">
     <span class='ocr_line' id='line_1_14' title="bbox 408 863 1290 911; baseline 0.003 -13"><span class='ocrx_word' id='word_1_123' title='bbox 408 863 489 899; x_wconf 70' lang='lat' dir='ltr'><strong>Tris</strong></span> <span class='ocrx_word' id='word_1_124' title='bbox 514 867 644 911; x_wconf 69' lang='lat' dir='ltr'><strong>«species</strong></span> <span class='ocrx_word' id='word_1_125' title='bbox 670 873 741 900; x_wconf 76' lang='lat' dir='ltr'><strong>tam</strong></span> <span class='ocrx_word' id='word_1_126' title='bbox 767 867 963 909; x_wconf 70' lang='lat' dir='ltr'><strong>diosimilee,</strong></span> <span class='ocrx_word' id='word_1_127' title='bbox 992 867 1062 901; x_wconf 78' lang='lat' dir='ltr'><strong>tria</strong></span> <span class='ocrx_word' id='word_1_128' title='bbox 1087 866 1174 901; x_wconf 78' lang='lat' dir='ltr'><strong>talia</strong></span> <span class='ocrx_word' id='word_1_129' title='bbox 1200 873 1290 901; x_wconf 72' lang='lat' dir='ltr'><strong>texta</strong></span> 
     </span>
    </p>

    <p class='ocr_par' dir='ltr' id='par_1_6' title="bbox 227 922 1632 1560">
     <span class='ocr_line' id='line_1_15' title="bbox 411 922 839 960; baseline 0.007 -3"><span class='ocrx_word' id='word_1_130' title='bbox 411 922 487 958; x_wconf 75' lang='lat' dir='ltr'><strong>Una</strong></span> <span class='ocrx_word' id='word_1_131' title='bbox 514 925 587 959; x_wconf 72' lang='lat' dir='ltr'><strong>dies</strong></span> <span class='ocrx_word' id='word_1_132' title='bbox 613 925 712 959; x_wconf 79' lang='lat' dir='ltr'><strong>dabit</strong></span> <span class='ocrx_word' id='word_1_133' title='bbox 736 927 839 960; x_wconf 71' lang='lat' dir='ltr'><strong>exitio</strong></span> 
     </span>
     <span class='ocr_line' id='line_1_16' title="bbox 227 982 1632 1030; baseline 0.001 -14"><span class='ocrx_word' id='word_1_134' title='bbox 227 984 350 1026; x_wconf 86' lang='lat' dir='ltr'><strong>quater</strong></span> <span class='ocrx_word' id='word_1_135' title='bbox 376 982 522 1018; x_wconf 83' lang='lat' dir='ltr'><strong>eandem</strong></span> <span class='ocrx_word' id='word_1_136' title='bbox 549 983 621 1018; x_wconf 88' lang='lat' dir='ltr'><strong>fere</strong></span> <span class='ocrx_word' id='word_1_137' title='bbox 647 995 719 1018; x_wconf 87' lang='lat' dir='ltr'><strong>rem</strong></span> <span class='ocrx_word' id='word_1_138' title='bbox 748 983 860 1018; x_wconf 89' lang='lat' dir='ltr'><strong>verbis</strong></span> <span class='ocrx_word' id='word_1_139' title='bbox 888 984 1037 1018; x_wconf 85' lang='lat' dir='ltr'><strong>variavit</strong></span> <span class='ocrx_word' id='word_1_140' title='bbox 1063 988 1165 1030; x_wconf 89' lang='lat' dir='ltr'><strong>poeta</strong></span> <span class='ocrx_word' id='word_1_141' title='bbox 1190 995 1325 1019; x_wconf 87' lang='lat' dir='ltr'><strong>summa</strong></span> <span class='ocrx_word' id='word_1_142' title='bbox 1350 983 1487 1018; x_wconf 90' lang='lat' dir='ltr'><strong>illorum</strong></span> <span class='ocrx_word' id='word_1_143' title='bbox 1515 983 1632 1019; x_wconf 89' lang='lat' dir='ltr'><strong>mundi</strong></span> 
     </span>
     <span class='ocr_line' id='line_1_17' title="bbox 228 1040 1632 1088; baseline 0.002 -14"><span class='ocrx_word' id='word_1_144' title='bbox 228 1041 460 1076; x_wconf 86' lang='lat' dir='ltr'><strong>membrorum</strong></span> <span class='ocrx_word' id='word_1_145' title='bbox 490 1042 771 1077; x_wconf 84' lang='lat' dir='ltr'>dissimilitudine</span> <span class='ocrx_word' id='word_1_146' title='bbox 798 1053 874 1077; x_wconf 91' lang='lat' dir='ltr'><strong>cum</strong></span> <span class='ocrx_word' id='word_1_147' title='bbox 904 1043 935 1077; x_wconf 92' lang='lat' dir='ltr'><strong>vi</strong></span> <span class='ocrx_word' id='word_1_148' title='bbox 964 1043 1066 1077; x_wconf 84' lang='lat' dir='ltr'><strong>etiam</strong></span> <span class='ocrx_word' id='word_1_149' title='bbox 1100 1046 1203 1088; x_wconf 87' lang='lat' dir='ltr'><strong>atque</strong></span> <span class='ocrx_word' id='word_1_150' title='bbox 1234 1043 1337 1077; x_wconf 86' lang='lat' dir='ltr'><strong>etiam</strong></span> <span class='ocrx_word' id='word_1_151' title='bbox 1372 1043 1549 1077; x_wconf 82' lang='lat' dir='ltr'><strong>enuntiata</strong></span> <span class='ocrx_word' id='word_1_152' title='bbox 1574 1040 1632 1088; x_wconf 88' lang='lat' dir='ltr'><strong>(cf.</strong></span> 
     </span>
     <span class='ocr_line' id='line_1_18' title="bbox 228 1097 1632 1148; baseline 0.001 -14"><span class='ocrx_word' id='word_1_153' title='bbox 228 1097 408 1135; x_wconf 89' lang='lat' dir='ltr'><strong>Munronis</strong></span> <span class='ocrx_word' id='word_1_154' title='bbox 435 1099 579 1147; x_wconf 84' lang='lat' dir='ltr'><strong>notam).</strong></span> <span class='ocrx_word' id='word_1_155' title='bbox 630 1101 790 1148; x_wconf 81' lang='lat' dir='ltr'><strong>Apparet</strong></span> <span class='ocrx_word' id='word_1_156' title='bbox 815 1104 929 1136; x_wconf 87' lang='lat' dir='ltr'><strong>tamen</strong></span> <span class='ocrx_word' id='word_1_157' title='bbox 963 1101 1026 1136; x_wconf 90' lang='lat' dir='ltr'><strong>hoc</strong></span> <span class='ocrx_word' id='word_1_158' title='bbox 1057 1104 1230 1146; x_wconf 88' lang='lat' dir='ltr'><strong>postremo</strong></span> <span class='ocrx_word' id='word_1_159' title='bbox 1262 1100 1336 1136; x_wconf 89' lang='lat' dir='ltr'><strong>loco</strong></span> <span class='ocrx_word' id='word_1_160' title='bbox 1369 1104 1530 1146; x_wconf 87' lang='lat' dir='ltr'><strong>quattuor</strong></span> <span class='ocrx_word' id='word_1_161' title='bbox 1557 1100 1632 1136; x_wconf 87' lang='lat' dir='ltr'><strong>illas</strong></span> 
     </span>
     <span class='ocr_line' id='line_1_19' title="bbox 229 1159 1631 1206; baseline 0.001 -13"><span class='ocrx_word' id='word_1_162' title='bbox 229 1159 401 1195; x_wconf 84' lang='lat' dir='ltr'><strong>enuntiati</strong></span> <span class='ocrx_word' id='word_1_163' title='bbox 428 1164 544 1206; x_wconf 85' lang='lat' dir='ltr'><strong>partes</strong></span> <span class='ocrx_word' id='word_1_164' title='bbox 571 1171 640 1196; x_wconf 93' lang='lat' dir='ltr'><strong>non</strong></span> <span class='ocrx_word' id='word_1_165' title='bbox 666 1161 809 1196; x_wconf 84' lang='lat' dir='ltr'><strong>eandem</strong></span> <span class='ocrx_word' id='word_1_166' title='bbox 838 1172 955 1196; x_wconf 89' lang='lat' dir='ltr'><strong>omnes</strong></span> <span class='ocrx_word' id='word_1_167' title='bbox 984 1161 1107 1196; x_wconf 87' lang='lat' dir='ltr'><strong>habere</strong></span> <span class='ocrx_word' id='word_1_168' title='bbox 1135 1161 1202 1195; x_wconf 92' lang='lat' dir='ltr'><strong>vim</strong></span> <span class='ocrx_word' id='word_1_169' title='bbox 1231 1160 1290 1195; x_wconf 92' lang='lat' dir='ltr'><strong>sed</strong></span> <span class='ocrx_word' id='word_1_170' title='bbox 1326 1160 1392 1195; x_wconf 91' lang='lat' dir='ltr'><strong>duo</strong></span> <span class='ocrx_word' id='word_1_171' title='bbox 1420 1171 1495 1196; x_wconf 89' lang='lat' dir='ltr'><strong>esse</strong></span> <span class='ocrx_word' id='word_1_172' title='bbox 1521 1160 1631 1195; x_wconf 92' lang='lat' dir='ltr'><strong>nomi-</strong></span> 
     </span>
     <span class='ocr_line' id='line_1_20' title="bbox 229 1219 1632 1266; baseline 0.001 -14"><span class='ocrx_word' id='word_1_173' title='bbox 229 1229 310 1253; x_wconf 85' lang='lat' dir='ltr'><strong>num</strong></span> <span class='ocrx_word' id='word_1_174' title='bbox 338 1219 435 1265; x_wconf 85' lang='lat' dir='ltr'><strong>paria</strong></span> <span class='ocrx_word' id='word_1_175' title='bbox 462 1220 509 1255; x_wconf 86' lang='lat' dir='ltr'><strong>ita</strong></span> <span class='ocrx_word' id='word_1_176' title='bbox 535 1223 748 1266; x_wconf 85' lang='lat' dir='ltr'><strong>comparata,</strong></span> <span class='ocrx_word' id='word_1_177' title='bbox 786 1223 825 1255; x_wconf 86' lang='lat' dir='ltr'><strong>ut</strong></span> <span class='ocrx_word' id='word_1_178' title='bbox 857 1220 1010 1255; x_wconf 86' lang='lat' dir='ltr'><strong>oratione</strong></span> <span class='ocrx_word' id='word_1_179' title='bbox 1042 1231 1061 1254; x_wconf 87' lang='lat' dir='ltr'><strong>a</strong></span> <span class='ocrx_word' id='word_1_180' title='bbox 1093 1220 1208 1266; x_wconf 90' lang='lat' dir='ltr'><strong>priore</strong></span> <span class='ocrx_word' id='word_1_181' title='bbox 1241 1219 1282 1254; x_wconf 88' lang='lat' dir='ltr'><strong>ad</strong></span> <span class='ocrx_word' id='word_1_182' title='bbox 1316 1219 1463 1255; x_wconf 88' lang='lat' dir='ltr'><strong>alterum</strong></span> <span class='ocrx_word' id='word_1_183' title='bbox 1490 1230 1632 1266; x_wconf 89' lang='lat' dir='ltr'><strong>progre-</strong></span> 
     </span>
     <span class='ocr_line' id='line_1_21' title="bbox 229 1277 1629 1325; baseline 0.001 -14"><span class='ocrx_word' id='word_1_184' title='bbox 229 1277 344 1313; x_wconf 90' lang='lat' dir='ltr'><strong>diente</strong></span> <span class='ocrx_word' id='word_1_185' title='bbox 373 1278 506 1324; x_wconf 89' lang='lat' dir='ltr'><strong>pondus</strong></span> <span class='ocrx_word' id='word_1_186' title='bbox 533 1290 666 1325; x_wconf 91' lang='lat' dir='ltr'><strong>quoque</strong></span> <span class='ocrx_word' id='word_1_187' title='bbox 693 1280 883 1314; x_wconf 83' lang='lat' dir='ltr'><strong>sententiae</strong></span> <span class='ocrx_word' id='word_1_188' title='bbox 909 1282 1075 1323; x_wconf 79' lang='lat' dir='ltr'><strong>augeatur</strong></span> <span class='ocrx_word' id='word_1_189' title='bbox 1100 1282 1134 1314; x_wconf 88' lang='lat' dir='ltr'><strong>et</strong></span> <span class='ocrx_word' id='word_1_190' title='bbox 1160 1281 1301 1314; x_wconf 85' lang='lat' dir='ltr'><strong>crescat.</strong></span> <span class='ocrx_word' id='word_1_191' title='bbox 1345 1278 1461 1324; x_wconf 88' lang='lat' dir='ltr'><strong>Atque</strong></span> <span class='ocrx_word' id='word_1_192' title='bbox 1486 1278 1629 1314; x_wconf 82' lang='lat' dir='ltr'><strong>eandem</strong></span> 
     </span>
     <span class='ocr_line' id='line_1_22' title="bbox 230 1336 1632 1382; baseline 0.001 -11"><span class='ocrx_word' id='word_1_193' title='bbox 230 1337 392 1382; x_wconf 85' lang='lat' dir='ltr'><strong>ponderis</strong></span> <span class='ocrx_word' id='word_1_194' title='bbox 424 1338 614 1373; x_wconf 84' lang='lat' dir='ltr'><strong>sententiae</strong></span> <span class='ocrx_word' id='word_1_195' title='bbox 649 1339 876 1373; x_wconf 77' lang='lat' dir='ltr'><strong>accessionem</strong></span> <span class='ocrx_word' id='word_1_196' title='bbox 914 1338 1017 1373; x_wconf 85' lang='lat' dir='ltr'><strong>etiam</strong></span> <span class='ocrx_word' id='word_1_197' title='bbox 1057 1338 1091 1372; x_wconf 91' lang='lat' dir='ltr'><strong>in</strong></span> <span class='ocrx_word' id='word_1_198' title='bbox 1125 1337 1269 1381; x_wconf 88' lang='lat' dir='ltr'><strong>singulis</strong></span> <span class='ocrx_word' id='word_1_199' title='bbox 1297 1338 1408 1373; x_wconf 80' lang='lat' dir='ltr'><strong>verbis</strong></span> <span class='ocrx_word' id='word_1_200' title='bbox 1435 1336 1632 1379; x_wconf 80' lang='grc' dir='ltr'><em>ἆσυνδέτως</em></span> 
     </span>
     <span class='ocr_line' id='line_1_23' title="bbox 230 1396 1630 1443; baseline 0.001 -13"><span class='ocrx_word' id='word_1_201' title='bbox 230 1396 352 1441; x_wconf 89' lang='lat' dir='ltr'><strong>positis</strong></span> <span class='ocrx_word' id='word_1_202' title='bbox 378 1408 635 1443; x_wconf 89' lang='lat' dir='ltr'>nonnumquam</span> <span class='ocrx_word' id='word_1_203' title='bbox 663 1397 735 1432; x_wconf 79' lang='lat' dir='ltr'><strong>fieri</strong></span> <span class='ocrx_word' id='word_1_204' title='bbox 763 1398 930 1441; x_wconf 83' lang='lat' dir='ltr'><strong>videmus,</strong></span> <span class='ocrx_word' id='word_1_205' title='bbox 958 1398 1015 1432; x_wconf 91' lang='lat' dir='ltr'><strong>ubi</strong></span> <span class='ocrx_word' id='word_1_206' title='bbox 1042 1401 1156 1432; x_wconf 88' lang='lat' dir='ltr'><strong>tamen</strong></span> <span class='ocrx_word' id='word_1_207' title='bbox 1185 1408 1251 1432; x_wconf 92' lang='lat' dir='ltr'><strong>non</strong></span> <span class='ocrx_word' id='word_1_208' title='bbox 1279 1408 1397 1432; x_wconf 87' lang='lat' dir='ltr'><strong>omnes</strong></span> <span class='ocrx_word' id='word_1_209' title='bbox 1423 1397 1630 1443; x_wconf 84' lang='lat' dir='ltr'><strong>interpretes</strong></span> 
     </span>
     <span class='ocr_line' id='line_1_24' title="bbox 229 1455 1630 1503; baseline 0.001 -14"><span class='ocrx_word' id='word_1_210' title='bbox 229 1455 387 1491; x_wconf 92' lang='lat' dir='ltr'><strong>omnibus</strong></span> <span class='ocrx_word' id='word_1_211' title='bbox 414 1456 497 1491; x_wconf 88' lang='lat' dir='ltr'><strong>locis</strong></span> <span class='ocrx_word' id='word_1_212' title='bbox 524 1457 607 1491; x_wconf 89' lang='lat' dir='ltr'><strong>mihi</strong></span> <span class='ocrx_word' id='word_1_213' title='bbox 634 1461 754 1503; x_wconf 89' lang='lat' dir='ltr'><strong>poetae</strong></span> <span class='ocrx_word' id='word_1_214' title='bbox 781 1456 961 1491; x_wconf 91' lang='lat' dir='ltr'><strong>consilium</strong></span> <span class='ocrx_word' id='word_1_215' title='bbox 1000 1456 1101 1502; x_wconf 85' lang='lat' dir='ltr'><strong>plane</strong></span> <span class='ocrx_word' id='word_1_216' title='bbox 1128 1456 1287 1491; x_wconf 85' lang='lat' dir='ltr'><strong>videntur</strong></span> <span class='ocrx_word' id='word_1_217' title='bbox 1320 1456 1549 1502; x_wconf 84' lang='lat' dir='ltr'><strong>perspexisse.</strong></span> <span class='ocrx_word' id='word_1_218' title='bbox 1592 1455 1630 1490; x_wconf 90' lang='lat' dir='ltr'><strong>In</strong></span> 
     </span>
     <span class='ocr_line' id='line_1_25' title="bbox 228 1514 1290 1560; baseline 0.002 -12"><span class='ocrx_word' id='word_1_219' title='bbox 228 1525 259 1548; x_wconf 93' lang='lat' dir='ltr'><strong>v.</strong></span> <span class='ocrx_word' id='word_1_220' title='bbox 288 1514 301 1549; x_wconf 91' lang='grc' dir='ltr'>Ι</span> <span class='ocrx_word' id='word_1_221' title='bbox 330 1516 398 1549; x_wconf 80' lang='grc'><strong>726</strong></span> <span class='ocrx_word' id='word_1_222' title='bbox 426 1514 604 1551; x_wconf 87' lang='lat' dir='ltr'><strong>Lucretius</strong></span> <span class='ocrx_word' id='word_1_223' title='bbox 632 1516 673 1551; x_wconf 91' lang='lat' dir='ltr'><strong>de</strong></span> <span class='ocrx_word' id='word_1_224' title='bbox 700 1516 819 1551; x_wconf 82' lang='lat' dir='ltr'>Sicilia</span> <span class='ocrx_word' id='word_1_225' title='bbox 845 1516 959 1550; x_wconf 88' lang='lat' dir='ltr'><strong>insula</strong></span> <span class='ocrx_word' id='word_1_226' title='bbox 986 1515 1069 1550; x_wconf 84' lang='lat' dir='ltr'><strong>haec</strong></span> <span class='ocrx_word' id='word_1_227' title='bbox 1095 1515 1290 1560; x_wconf 85' lang='lat' dir='ltr'><strong>praedicat:</strong></span> 
     </span>
    </p>

    <p class='ocr_par' dir='ltr' id='par_1_7' title="bbox 225 1575 1632 2517">
     <span class='ocr_line' id='line_1_26' title="bbox 407 1575 1402 1623; baseline -0.001 -13"><span class='ocrx_word' id='word_1_228' title='bbox 407 1575 503 1619; x_wconf 80' lang='lat' dir='ltr'><strong>Quae</strong></span> <span class='ocrx_word' id='word_1_229' title='bbox 529 1589 604 1611; x_wconf 82' lang='lat' dir='ltr'><strong>eum</strong></span> <span class='ocrx_word' id='word_1_230' title='bbox 629 1589 756 1623; x_wconf 69' lang='lat' dir='ltr'><strong><em>mayna</em></strong></span> <span class='ocrx_word' id='word_1_231' title='bbox 782 1577 895 1610; x_wconf 70' lang='lat' dir='ltr'><strong>modis</strong></span> <span class='ocrx_word' id='word_1_232' title='bbox 920 1576 1038 1610; x_wconf 70' lang='lat' dir='ltr'><strong>‘multis</strong></span> <span class='ocrx_word' id='word_1_233' title='bbox 1063 1576 1228 1609; x_wconf 73' lang='lat' dir='ltr'><strong>miranda</strong></span> <span class='ocrx_word' id='word_1_234' title='bbox 1252 1576 1402 1616; x_wconf 77' lang='lat' dir='ltr'><strong>videtur,</strong></span> 
     </span>
     <span class='ocr_line' id='line_1_27' title="bbox 228 1633 1632 1682; baseline 0 -13"><span class='ocrx_word' id='word_1_235' title='bbox 228 1645 315 1680; x_wconf 88' lang='lat' dir='ltr'><strong>quae</strong></span> <span class='ocrx_word' id='word_1_236' title='bbox 343 1635 446 1670; x_wconf 86' lang='lat' dir='ltr'><strong>verba</strong></span> <span class='ocrx_word' id='word_1_237' title='bbox 478 1639 579 1682; x_wconf 81' lang='lat' dir='ltr'><strong>poeta</strong></span> <span class='ocrx_word' id='word_1_238' title='bbox 611 1636 842 1671; x_wconf 82' lang='lat' dir='ltr'><strong>alliteratione</strong></span> <span class='ocrx_word' id='word_1_239' title='bbox 882 1639 1003 1681; x_wconf 87' lang='lat' dir='ltr'><strong>aperta</strong></span> <span class='ocrx_word' id='word_1_240' title='bbox 1042 1634 1166 1680; x_wconf 82' lang='lat' dir='ltr'><strong>posuit.</strong></span> <span class='ocrx_word' id='word_1_241' title='bbox 1221 1633 1287 1669; x_wconf 87' lang='lat' dir='ltr'><strong>Sed</strong></span> <span class='ocrx_word' id='word_1_242' title='bbox 1326 1634 1409 1669; x_wconf 81' lang='lat' dir='ltr'><strong>ordo</strong></span> <span class='ocrx_word' id='word_1_243' title='bbox 1448 1645 1564 1669; x_wconf 90' lang='lat' dir='ltr'><strong>eorum</strong></span> <span class='ocrx_word' id='word_1_244' title='bbox 1597 1638 1632 1669; x_wconf 93' lang='lat' dir='ltr'><strong>et</strong></span> 
     </span>
     <span class='ocr_line' id='line_1_28' title="bbox 226 1692 1629 1739; baseline 0 -11"><span class='ocrx_word' id='word_1_245' title='bbox 226 1694 456 1739; x_wconf 90' lang='lat' dir='ltr'><strong>coniungendi</strong></span> <span class='ocrx_word' id='word_1_246' title='bbox 481 1695 570 1730; x_wconf 89' lang='lat' dir='ltr'><strong>ratio</strong></span> <span class='ocrx_word' id='word_1_247' title='bbox 596 1695 687 1730; x_wconf 85' lang='lat' dir='ltr'><strong>inter</strong></span> <span class='ocrx_word' id='word_1_248' title='bbox 707 1695 798 1730; x_wconf 90' lang='lat' dir='ltr'><strong>viros</strong></span> <span class='ocrx_word' id='word_1_249' title='bbox 826 1694 945 1729; x_wconf 89' lang='lat' dir='ltr'><strong>doctos</strong></span> <span class='ocrx_word' id='word_1_250' title='bbox 972 1704 1186 1739; x_wconf 85' lang='lat' dir='ltr'><strong>nequaquam</strong></span> <span class='ocrx_word' id='word_1_251' title='bbox 1214 1697 1357 1728; x_wconf 85' lang='lat' dir='ltr'><strong>constat.</strong></span> <span class='ocrx_word' id='word_1_252' title='bbox 1399 1692 1629 1729; x_wconf 86' lang='lat' dir='ltr'><strong>Wakefieldus</strong></span> 
     </span>
     <span class='ocr_line' id='line_1_29' title="bbox 227 1752 1630 1801; baseline 0.001 -14"><span class='ocrx_word' id='word_1_253' title='bbox 227 1753 318 1788; x_wconf 87' lang='lat' dir='ltr'><strong>enim</strong></span> <span class='ocrx_word' id='word_1_254' title='bbox 346 1754 451 1789; x_wconf 85' lang='lat' dir='ltr'><strong>verba</strong></span> <span class='ocrx_word' id='word_1_255' title='bbox 476 1768 605 1801; x_wconf 68' lang='lat' dir='ltr'><strong>maqna</strong></span> <span class='ocrx_word' id='word_1_256' title='bbox 630 1756 795 1789; x_wconf 74' lang='lat' dir='ltr'><strong>miranda</strong></span> <span class='ocrx_word' id='word_1_257' title='bbox 821 1754 1069 1799; x_wconf 79' lang='lat' dir='ltr'><strong>interpretatur</strong></span> <span class='ocrx_word' id='word_1_258' title='bbox 1096 1752 1193 1798; x_wconf 82' lang='lat' dir='ltr'><strong>quasi</strong></span> <span class='ocrx_word' id='word_1_259' title='bbox 1219 1766 1381 1799; x_wconf 70' lang='lat' dir='ltr'><strong>maynum</strong></span> <span class='ocrx_word' id='word_1_260' title='bbox 1405 1754 1570 1788; x_wconf 60' lang='lat' dir='ltr'><strong>widranda</strong></span> <span class='ocrx_word' id='word_1_261' title='bbox 1596 1756 1630 1788; x_wconf 79' lang='lat' dir='ltr'><strong>et</strong></span> 
     </span>
     <span class='ocr_line' id='line_1_30' title="bbox 226 1812 1628 1858; baseline -0.001 -12"><span class='ocrx_word' id='word_1_262' title='bbox 226 1812 360 1846; x_wconf 84' lang='lat' dir='ltr'><strong>confert</strong></span> <span class='ocrx_word' id='word_1_263' title='bbox 386 1812 515 1857; x_wconf 86' lang='lat' dir='ltr'>Vergili</span> <span class='ocrx_word' id='word_1_264' title='bbox 548 1813 633 1848; x_wconf 92' lang='lat' dir='ltr'><strong>illud</strong></span> <span class='ocrx_word' id='word_1_265' title='bbox 668 1826 778 1848; x_wconf 75' lang='lat' dir='ltr'><strong>rauca</strong></span> <span class='ocrx_word' id='word_1_266' title='bbox 805 1813 964 1858; x_wconf 78' lang='lat' dir='ltr'><strong>fremens</strong></span> <span class='ocrx_word' id='word_1_267' title='bbox 1001 1812 1195 1856; x_wconf 88' lang='lat' dir='ltr'><strong>similiaque</strong></span> <span class='ocrx_word' id='word_1_268' title='bbox 1234 1812 1361 1857; x_wconf 86' lang='lat' dir='ltr'><strong>passim</strong></span> <span class='ocrx_word' id='word_1_269' title='bbox 1402 1812 1628 1855; x_wconf 83' lang='lat' dir='ltr'><strong>observanda,</strong></span> 
     </span>
     <span class='ocr_line' id='line_1_31' title="bbox 226 1868 1628 1918; baseline -0.001 -12"><span class='ocrx_word' id='word_1_270' title='bbox 226 1881 302 1906; x_wconf 89' lang='lat' dir='ltr'><strong>cum</strong></span> <span class='ocrx_word' id='word_1_271' title='bbox 332 1870 454 1906; x_wconf 88' lang='lat' dir='ltr'><strong>Munro</strong></span> <span class='ocrx_word' id='word_1_272' title='bbox 482 1871 587 1907; x_wconf 86' lang='lat' dir='ltr'><strong>verba</strong></span> <span class='ocrx_word' id='word_1_273' title='bbox 614 1872 662 1906; x_wconf 88' lang='lat' dir='ltr'><strong>sic</strong></span> <span class='ocrx_word' id='word_1_274' title='bbox 689 1874 887 1917; x_wconf 84' lang='lat' dir='ltr'><strong>componat:</strong></span> <span class='ocrx_word' id='word_1_275' title='bbox 928 1883 1016 1917; x_wconf 82' lang='lat' dir='ltr'><strong>quae</strong></span> <span class='ocrx_word' id='word_1_276' title='bbox 1053 1883 1183 1918; x_wconf 72' lang='lat' dir='ltr'><strong><em>mayna</em></strong></span> <span class='ocrx_word' id='word_1_277' title='bbox 1219 1868 1301 1917; x_wconf 72' lang='lat' dir='ltr'><strong>(thie</strong></span> <span class='ocrx_word' id='word_1_278' title='bbox 1336 1877 1436 1917; x_wconf 70' lang='grc' dir='ltr'><strong>Ιᾳνεαιι</strong></span> <span class='ocrx_word' id='word_1_279' title='bbox 1467 1868 1628 1917; x_wconf 72' lang='lat' dir='ltr'><strong>country)</strong></span> 
     </span>
     <span class='ocr_line' id='line_1_32' title="bbox 225 1930 1628 1978; baseline -0.001 -12"><span class='ocrx_word' id='word_1_280' title='bbox 225 1932 363 1967; x_wconf 81' lang='lat' dir='ltr'><strong>videtur</strong></span> <span class='ocrx_word' id='word_1_281' title='bbox 387 1932 505 1966; x_wconf 72' lang='lat' dir='ltr'><strong>multis</strong></span> <span class='ocrx_word' id='word_1_282' title='bbox 531 1933 644 1967; x_wconf 73' lang='lat' dir='ltr'><strong>modis</strong></span> <span class='ocrx_word' id='word_1_283' title='bbox 670 1933 846 1974; x_wconf 75' lang='lat' dir='ltr'><strong>miranda,</strong></span> <span class='ocrx_word' id='word_1_284' title='bbox 881 1930 938 1966; x_wconf 88' lang='lat' dir='ltr'><strong>alii</strong></span> <span class='ocrx_word' id='word_1_285' title='bbox 965 1930 1111 1976; x_wconf 91' lang='lat' dir='ltr'><strong>denique</strong></span> <span class='ocrx_word' id='word_1_286' title='bbox 1138 1930 1197 1965; x_wconf 87' lang='lat' dir='ltr'><strong>illa</strong></span> <span class='ocrx_word' id='word_1_287' title='bbox 1222 1943 1350 1978; x_wconf 71' lang='lat' dir='ltr'><strong>maqna</strong></span> <span class='ocrx_word' id='word_1_288' title='bbox 1374 1931 1486 1965; x_wconf 74' lang='lat' dir='ltr'><strong>modis</strong></span> <span class='ocrx_word' id='word_1_289' title='bbox 1512 1930 1628 1965; x_wconf 69' lang='lat' dir='ltr'><strong>multis</strong></span> 
     </span>
     <span class='ocr_line' id='line_1_33' title="bbox 227 1988 1628 2036; baseline -0.002 -11"><span class='ocrx_word' id='word_1_290' title='bbox 227 1991 422 2036; x_wconf 81' lang='lat' dir='ltr'><strong>pronomini</strong></span> <span class='ocrx_word' id='word_1_291' title='bbox 449 1990 594 2025; x_wconf 89' lang='lat' dir='ltr'><strong>relativo</strong></span> <span class='ocrx_word' id='word_1_292' title='bbox 622 1990 717 2036; x_wconf 83' lang='lat' dir='ltr'><strong>quasi</strong></span> <span class='ocrx_word' id='word_1_293' title='bbox 745 1990 904 2036; x_wconf 86' lang='lat' dir='ltr'><strong>apposita</strong></span> <span class='ocrx_word' id='word_1_294' title='bbox 930 1993 1061 2036; x_wconf 89' lang='lat' dir='ltr'><strong>putent.</strong></span> <span class='ocrx_word' id='word_1_295' title='bbox 1107 1988 1173 2025; x_wconf 92' lang='lat' dir='ltr'><strong>Sed</strong></span> <span class='ocrx_word' id='word_1_296' title='bbox 1202 1993 1308 2024; x_wconf 84' lang='lat' dir='ltr'><strong>restat</strong></span> <span class='ocrx_word' id='word_1_297' title='bbox 1339 1992 1482 2034; x_wconf 88' lang='lat' dir='ltr'><strong>quartus</strong></span> <span class='ocrx_word' id='word_1_298' title='bbox 1509 1992 1543 2023; x_wconf 87' lang='lat' dir='ltr'><strong>et</strong></span> <span class='ocrx_word' id='word_1_299' title='bbox 1569 1999 1628 2022; x_wconf 92' lang='lat' dir='ltr'><strong>ne-</strong></span> 
     </span>
     <span class='ocr_line' id='line_1_34' title="bbox 227 2048 1627 2092; baseline -0.003 -7"><span class='ocrx_word' id='word_1_300' title='bbox 227 2051 298 2086; x_wconf 89' lang='lat' dir='ltr'><strong>scio</strong></span> <span class='ocrx_word' id='word_1_301' title='bbox 325 2061 368 2085; x_wconf 87' lang='lat' dir='ltr'><strong>an</strong></span> <span class='ocrx_word' id='word_1_302' title='bbox 397 2049 519 2085; x_wconf 84' lang='lat' dir='ltr'><strong>melior</strong></span> <span class='ocrx_word' id='word_1_303' title='bbox 552 2049 733 2084; x_wconf 85' lang='lat' dir='ltr'><strong>verborum</strong></span> <span class='ocrx_word' id='word_1_304' title='bbox 761 2049 844 2084; x_wconf 86' lang='lat' dir='ltr'><strong>ordo</strong></span> <span class='ocrx_word' id='word_1_305' title='bbox 872 2049 913 2085; x_wconf 86' lang='lat' dir='ltr'><strong>ab</strong></span> <span class='ocrx_word' id='word_1_306' title='bbox 953 2048 1149 2084; x_wconf 90' lang='lat' dir='ltr'><strong>hominibus</strong></span> <span class='ocrx_word' id='word_1_307' title='bbox 1180 2048 1289 2083; x_wconf 87' lang='lat' dir='ltr'><strong>doctis</strong></span> <span class='ocrx_word' id='word_1_308' title='bbox 1328 2048 1521 2092; x_wconf 87' lang='lat' dir='ltr'><strong>neglectus,</strong></span> <span class='ocrx_word' id='word_1_309' title='bbox 1561 2058 1627 2092; x_wconf 91' lang='lat' dir='ltr'><strong>quo</strong></span> 
     </span>
     <span class='ocr_line' id='line_1_35' title="bbox 227 2106 1626 2157; baseline -0.001 -12"><span class='ocrx_word' id='word_1_310' title='bbox 227 2113 329 2156; x_wconf 85' lang='lat' dir='ltr'><strong>poeta</strong></span> <span class='ocrx_word' id='word_1_311' title='bbox 354 2110 525 2146; x_wconf 83' lang='lat' dir='ltr'><strong>adiectiva</strong></span> <span class='ocrx_word' id='word_1_312' title='bbox 550 2123 691 2157; x_wconf 67' lang='lat' dir='ltr'><strong>mayna,</strong></span> <span class='ocrx_word' id='word_1_313' title='bbox 718 2111 882 2145; x_wconf 74' lang='lat' dir='ltr'><strong>miranda</strong></span> <span class='ocrx_word' id='word_1_314' title='bbox 908 2121 994 2155; x_wconf 86' lang='lat' dir='ltr'><strong>quae</strong></span> <span class='ocrx_word' id='word_1_315' title='bbox 1017 2108 1152 2144; x_wconf 89' lang='lat' dir='ltr'><strong>abunde</strong></span> <span class='ocrx_word' id='word_1_316' title='bbox 1170 2108 1344 2155; x_wconf 87' lang='lat' dir='ltr'><strong>copulavit</strong></span> <span class='ocrx_word' id='word_1_317' title='bbox 1369 2108 1402 2142; x_wconf 94' lang='lat' dir='ltr'><strong>in</strong></span> <span class='ocrx_word' id='word_1_318' title='bbox 1430 2119 1460 2142; x_wconf 91' lang='lat' dir='ltr'><strong>v.</strong></span> <span class='ocrx_word' id='word_1_319' title='bbox 1481 2106 1513 2142; x_wconf 95' lang='lat' dir='ltr'><strong>II</strong></span> <span class='ocrx_word' id='word_1_320' title='bbox 1536 2107 1626 2143; x_wconf 78' lang='lat'>1028</span> 
     </span>
     <span class='ocr_line' id='line_1_36' title="bbox 226 2165 1628 2216; baseline -0.003 -12"><span class='ocrx_word' id='word_1_321' title='bbox 226 2171 278 2204; x_wconf 78' lang='lat' dir='ltr'><strong>nil</strong></span> <span class='ocrx_word' id='word_1_322' title='bbox 302 2171 387 2205; x_wconf 83' lang='lat' dir='ltr'><strong>adeo</strong></span> <span class='ocrx_word' id='word_1_323' title='bbox 418 2182 584 2216; x_wconf 68' lang='lat' dir='ltr'><strong>maynum</strong></span> <span class='ocrx_word' id='word_1_324' title='bbox 620 2182 728 2216; x_wconf 79' lang='lat' dir='ltr'><strong>neque</strong></span> <span class='ocrx_word' id='word_1_325' title='bbox 758 2177 828 2204; x_wconf 79' lang='lat' dir='ltr'><strong>tam</strong></span> <span class='ocrx_word' id='word_1_326' title='bbox 857 2170 1017 2204; x_wconf 77' lang='lat' dir='ltr'><strong>mirabile</strong></span> <span class='ocrx_word' id='word_1_327' title='bbox 1056 2170 1242 2214; x_wconf 79' lang='lat' dir='ltr'><strong>quicquam</strong></span> <span class='ocrx_word' id='word_1_328' title='bbox 1281 2167 1335 2201; x_wconf 80' lang='lat' dir='ltr'><strong>hio</strong></span> <span class='ocrx_word' id='word_1_329' title='bbox 1373 2165 1568 2206; x_wconf 81' lang='grc' dir='ltr'><strong><em>ἆσυνδέτως</em></strong></span> <span class='ocrx_word' id='word_1_330' title='bbox 1594 2169 1628 2200; x_wconf 84' lang='lat' dir='ltr'><strong>et</strong></span> 
     </span>
     <span class='ocr_line' id='line_1_37' title="bbox 227 2224 1628 2274; baseline -0.002 -12"><span class='ocrx_word' id='word_1_331' title='bbox 227 2231 307 2274; x_wconf 86' lang='lat' dir='ltr'><strong>apta</strong></span> <span class='ocrx_word' id='word_1_332' title='bbox 345 2229 511 2264; x_wconf 84' lang='lat' dir='ltr'><strong>orationis</strong></span> <span class='ocrx_word' id='word_1_333' title='bbox 549 2228 751 2273; x_wconf 85' lang='lat' dir='ltr'><strong>gradatione</strong></span> <span class='ocrx_word' id='word_1_334' title='bbox 790 2228 926 2263; x_wconf 88' lang='lat' dir='ltr'><strong>videtur</strong></span> <span class='ocrx_word' id='word_1_335' title='bbox 963 2227 1207 2272; x_wconf 84' lang='lat' dir='ltr'><strong>composuisse.</strong></span> <span class='ocrx_word' id='word_1_336' title='bbox 1265 2224 1365 2260; x_wconf 85' lang='lat' dir='ltr'><strong>Certe</strong></span> <span class='ocrx_word' id='word_1_337' title='bbox 1398 2225 1466 2260; x_wconf 85' lang='lat' dir='ltr'><strong>hoc</strong></span> <span class='ocrx_word' id='word_1_338' title='bbox 1494 2227 1527 2259; x_wconf 91' lang='lat' dir='ltr'><strong>et</strong></span> <span class='ocrx_word' id='word_1_339' title='bbox 1560 2224 1628 2259; x_wconf 86' lang='lat' dir='ltr'><strong>alia</strong></span> 
     </span>
     <span class='ocr_line' id='line_1_38' title="bbox 227 2283 1627 2335; baseline -0.002 -14"><span class='ocrx_word' id='word_1_340' title='bbox 227 2290 265 2321; x_wconf 93' lang='lat' dir='ltr'><strong>ut</strong></span> <span class='ocrx_word' id='word_1_341' title='bbox 290 2289 461 2334; x_wconf 80' lang='lat' dir='ltr'><strong>parvula,</strong></span> <span class='ocrx_word' id='word_1_342' title='bbox 492 2289 645 2335; x_wconf 78' lang='lat' dir='ltr'><strong>pumilio</strong></span> <span class='ocrx_word' id='word_1_343' title='bbox 685 2288 729 2323; x_wconf 91' lang='lat' dir='ltr'><strong>IV</strong></span> <span class='ocrx_word' id='word_1_344' title='bbox 761 2289 852 2323; x_wconf 82' lang='lat'>1154</span> <span class='ocrx_word' id='word_1_345' title='bbox 895 2297 962 2321; x_wconf 91' lang='lat' dir='ltr'><strong>non</strong></span> <span class='ocrx_word' id='word_1_346' title='bbox 1006 2290 1086 2320; x_wconf 87' lang='lat' dir='ltr'><strong>sunt</strong></span> <span class='ocrx_word' id='word_1_347' title='bbox 1126 2285 1196 2320; x_wconf 90' lang='lat' dir='ltr'><strong>veri</strong></span> <span class='ocrx_word' id='word_1_348' title='bbox 1229 2284 1419 2331; x_wconf 85' lang='lat' dir='ltr'><strong>pleonasmi</strong></span> <span class='ocrx_word' id='word_1_349' title='bbox 1458 2283 1627 2329; x_wconf 82' lang='lat' dir='ltr'><strong>exempla,</strong></span> 
     </span>
     <span class='ocr_line' id='line_1_39' title="bbox 227 2341 1626 2393; baseline -0.002 -13"><span class='ocrx_word' id='word_1_350' title='bbox 227 2345 287 2380; x_wconf 93' lang='lat' dir='ltr'><strong>sed</strong></span> <span class='ocrx_word' id='word_1_351' title='bbox 320 2357 526 2393; x_wconf 84' lang='lat' dir='ltr'><strong>quamquam</strong></span> <span class='ocrx_word' id='word_1_352' title='bbox 565 2347 736 2382; x_wconf 82' lang='lat' dir='ltr'><strong>sententia</strong></span> <span class='ocrx_word' id='word_1_353' title='bbox 773 2346 955 2382; x_wconf 88' lang='lat' dir='ltr'><strong>verborum</strong></span> <span class='ocrx_word' id='word_1_354' title='bbox 991 2344 1114 2379; x_wconf 87' lang='lat' dir='ltr'><strong>similis</strong></span> <span class='ocrx_word' id='word_1_355' title='bbox 1159 2347 1226 2388; x_wconf 84' lang='lat' dir='ltr'><strong>est,</strong></span> <span class='ocrx_word' id='word_1_356' title='bbox 1262 2347 1376 2378; x_wconf 88' lang='lat' dir='ltr'><strong>tamen</strong></span> <span class='ocrx_word' id='word_1_357' title='bbox 1415 2353 1491 2377; x_wconf 87' lang='lat' dir='ltr'><strong>cum</strong></span> <span class='ocrx_word' id='word_1_358' title='bbox 1532 2341 1626 2378; x_wconf 91' lang='lat' dir='ltr'><strong>debi-</strong></span> 
     </span>
     <span class='ocr_line' id='line_1_40' title="bbox 227 2401 1625 2452; baseline -0.003 -12"><span class='ocrx_word' id='word_1_359' title='bbox 227 2406 347 2441; x_wconf 87' lang='lat' dir='ltr'><strong>liorem</strong></span> <span class='ocrx_word' id='word_1_360' title='bbox 374 2417 488 2441; x_wconf 87' lang='lat' dir='ltr'><strong>vocem</strong></span> <span class='ocrx_word' id='word_1_361' title='bbox 516 2407 639 2442; x_wconf 85' lang='lat' dir='ltr'><strong>fortior</strong></span> <span class='ocrx_word' id='word_1_362' title='bbox 666 2411 847 2452; x_wconf 84' lang='lat' dir='ltr'><strong>sequatur,</strong></span> <span class='ocrx_word' id='word_1_363' title='bbox 879 2406 931 2440; x_wconf 92' lang='lat' dir='ltr'><strong>vis</strong></span> <span class='ocrx_word' id='word_1_364' title='bbox 971 2404 1098 2439; x_wconf 83' lang='lat' dir='ltr'><strong>eximia</strong></span> <span class='ocrx_word' id='word_1_365' title='bbox 1136 2403 1301 2438; x_wconf 84' lang='lat' dir='ltr'><strong>orationis</strong></span> <span class='ocrx_word' id='word_1_366' title='bbox 1327 2401 1489 2446; x_wconf 77' lang='lat' dir='ltr'><strong>efficitur,</strong></span> <span class='ocrx_word' id='word_1_367' title='bbox 1523 2413 1625 2448; x_wconf 88' lang='lat' dir='ltr'><strong>quam</strong></span> 
     </span>
     <span class='ocr_line' id='line_1_41' title="bbox 225 2461 1627 2517; baseline -0.004 -17"><span class='ocrx_word' id='word_1_368' title='bbox 225 2464 349 2515; x_wconf 84' lang='lat' dir='ltr'><strong>petivit</strong></span> <span class='ocrx_word' id='word_1_369' title='bbox 383 2468 484 2516; x_wconf 84' lang='lat' dir='ltr'><strong>poeta</strong></span> <span class='ocrx_word' id='word_1_370' title='bbox 526 2476 637 2517; x_wconf 87' lang='lat' dir='ltr'><strong>neque</strong></span> <span class='ocrx_word' id='word_1_371' title='bbox 680 2466 822 2500; x_wconf 88' lang='lat' dir='ltr'><strong>fortiore</strong></span> <span class='ocrx_word' id='word_1_372' title='bbox 862 2464 922 2505; x_wconf 89' lang='lat' dir='ltr'><strong>illo</strong></span> <span class='ocrx_word' id='word_1_373' title='bbox 967 2462 1070 2504; x_wconf 82' lang='lat' dir='ltr'><strong>verbo</strong></span> <span class='ocrx_word' id='word_1_374' title='bbox 1109 2462 1181 2502; x_wconf 85' lang='lat' dir='ltr'><strong>solo</strong></span> <span class='ocrx_word' id='word_1_375' title='bbox 1220 2472 1326 2513; x_wconf 69' lang='lat' dir='ltr'><strong>aeque</strong></span> <span class='ocrx_word' id='word_1_376' title='bbox 1370 2461 1454 2501; x_wconf 66' lang='lat' dir='ltr'><strong>bene</strong></span> <span class='ocrx_word' id='word_1_377' title='bbox 1493 2464 1627 2510; x_wconf 86' lang='lat' dir='ltr'><strong>poterat</strong></span> 
     </span>
    </p>
   </div>
  </div>
 </body>
</html>
