1835 2765
889 85 938 120 52

605 258 820 311 PARS
864 256 1216 310 ALTERA.

688 448 785 490 OAP
793 448 857 489 UT
891 447 1136 489 TERTIUM.

308 542 362 578 Ab
390 542 442 577 his
469 540 599 576 duobus
626 551 714 585 quae
739 541 808 575 iam
836 540 1018 586 percensui
1035 539 1269 575 abundantiae
1288 538 1481 584 generibus,
1508 548 1614 585 copu-

209 601 330 637 lationi
357 604 391 636 et
416 598 581 646 asyndeto
607 598 789 634 bimembri
817 609 857 633 ea
884 608 971 643 quae
997 600 1189 643 sequuntur
1215 597 1318 644 plane
1344 597 1505 633 distincta
1523 600 1612 633 sunt.

210 660 261 697 Ibi
287 660 378 696 enim
404 659 503 695 binae
529 668 630 693 voces
657 657 919 703 cognominatae
944 660 1004 692 aut
1022 655 1193 703 particula
1211 656 1414 693 coniunctae
1432 660 1490 692 aut
1507 654 1615 693 ἀσυν-

211 721 316 761 δέτως
341 717 547 765 compositae
574 728 673 753 suum
703 720 847 763 utraque
873 716 986 753 locum
1019 716 1221 753 obtinebant
1247 720 1281 752 et
1307 727 1369 763 per
1396 728 1432 753 se
1463 715 1614 763 stabant,

209 780 265 815 hic
290 778 429 813 ubertas
454 777 504 812 ita
530 777 651 822 oritur,
679 780 716 812 ut
742 789 762 812 a
789 776 1005 813 substantivo
1033 777 1212 821 genetivus
1239 776 1388 822 pendeat
1414 779 1473 812 aut
1501 776 1614 812 adiec-

209 838 317 873 tivum
344 838 375 872 ei
403 835 583 881 adiciatur,
609 835 734 872 deinde
757 839 797 871 ut
814 836 956 871 verbum
976 836 1136 881 nominis,
1163 835 1335 880 adiectivi,
1354 834 1519 880 adverbii,
1537 846 1613 882 par-

210 896 321 944 ticipii
352 895 586 931 additamento
618 898 802 941 augeatur,
834 906 910 931 cum
942 906 984 931 ex
1017 898 1142 931 natura
1172 898 1274 941 atque
1305 893 1555 940 significatione
1580 898 1615 931 et

209 955 417 992 substantivi
444 958 478 991 et
502 955 599 991 verbi
625 954 694 990 tale
713 954 985 990 additamentum
1004 954 1107 1001 plane
1134 965 1425 1001 supervacaneum
1444 954 1612 990 videatur.

209 1015 361 1057 Quorum
389 1014 620 1049 abundantiae
646 1024 809 1057 generum
837 1014 1039 1049 varietatem
1068 1013 1216 1048 dilucide
1243 1013 1417 1059 explicare
1444 1016 1477 1048 et
1502 1012 1612 1058 qualis

209 1074 375 1120 cuiusque
406 1075 531 1108 natura
563 1072 608 1108 sit
640 1072 820 1108 ostendere
850 1073 920 1107 iam
953 1072 1103 1108 conabor
1137 1082 1246 1117 neque
1279 1074 1412 1116 tamen,
1448 1071 1507 1107 ubi
1538 1071 1612 1107 fieri

209 1134 337 1180 poterit
362 1136 397 1168 et
421 1131 636 1167 commodum
664 1132 739 1177 erit,
767 1132 900 1167 consilii
927 1134 961 1178 et
988 1131 1072 1166 artis
1098 1131 1253 1177 poeticae
1280 1142 1299 1165 a
1326 1142 1380 1166 me
1398 1134 1501 1167 autea
1518 1131 1612 1178 copi—

210 1192 303 1228 osius
333 1191 525 1226 illustratae
559 1190 702 1235 vestigia
732 1190 967 1226 demonstrare
993 1189 1184 1235 neglegam.
1237 1188 1312 1232 Qua
1337 1190 1372 1224 in
1400 1201 1436 1225 re
1463 1201 1483 1225 a
1509 1201 1612 1235 gene·

211 1251 292 1287 tivis
323 1254 357 1286 et
387 1249 562 1285 adiectivis
593 1249 636 1285 ad
667 1249 807 1285 nomina
837 1249 1005 1296 appositis
1038 1249 1215 1296 incipiam.
1275 1250 1390 1295 Atque
1422 1249 1459 1285 in
1493 1260 1611 1286 eorum

211 1310 349 1355 quidem
375 1309 527 1344 locorum
553 1319 706 1353 numero,
735 1308 792 1343 ubi
818 1308 995 1353 genetivos
1014 1308 1149 1344 abunde
1168 1308 1299 1354 positos
1320 1308 1488 1353 videmus,
1511 1308 1612 1344 facile

211 1368 261 1404 illi
297 1367 446 1415 primum
478 1367 750 1413 distinguuntur,
789 1367 824 1402 in
857 1367 981 1414 quibus
1015 1366 1194 1412 genetivus
1227 1367 1372 1403 eandem
1406 1366 1508 1403 habet
1541 1366 1610 1402 vim

212 1431 313 1474 atque
346 1438 486 1473 nomen,
521 1427 561 1463 de
594 1438 660 1473 quo
691 1427 835 1474 pendet,
866 1427 917 1463 ita
942 1431 981 1463 ut
1005 1438 1101 1463 mera
1128 1426 1317 1473 tautologia
1343 1427 1486 1463 oriatur.
1538 1426 1610 1463 Iam

210 1490 311 1523 antea
343 1497 688 1523 commemoraveram
721 1486 768 1523 ibi
800 1486 858 1522 ubi
890 1490 1028 1534 poetam
1059 1494 1203 1523 mentem
1229 1490 1263 1523 et
1289 1489 1446 1523 animum
1473 1487 1610 1534 saepius

211 1546 347 1583 abunde
373 1546 590 1582 coniunxisse
622 1546 767 1592 ostendi,
795 1546 939 1582 eundem
966 1554 1110 1583 mentem
1135 1548 1247 1582 animi
1271 1546 1350 1593 plus
1376 1558 1477 1593 quam
1505 1546 1610 1583 semel

209 1606 348 1641 dixisse.
402 1604 545 1641 Videtur
576 1605 682 1650 igitur
712 1605 862 1650 genetivi
887 1604 946 1641 ille
972 1606 1124 1652 appositi
1149 1605 1370 1652 pleonasmus
1396 1606 1464 1642 alia
1490 1609 1524 1642 et
1550 1617 1609 1642 ex-

209 1664 366 1710 quisitior
397 1663 533 1710 quidem
561 1664 633 1699 eius
660 1663 826 1699 ubertatis
851 1664 964 1699 forma
990 1675 1080 1710 esse,
1113 1675 1216 1710 quam
1243 1665 1279 1700 in
1305 1664 1502 1701 nominibus
1528 1676 1608 1712 syn-

208 1723 342 1769 onymis
377 1723 566 1758 coniunctis
604 1722 776 1769 copiosius
814 1723 973 1769 exposui3
1014 1734 1100 1769 quae
1138 1724 1308 1760 sententia
1346 1723 1423 1760 aliis
1454 1724 1605 1760 eiusdem

207 1781 342 1825 generis
374 1780 541 1827 exemplis
573 1781 739 1827 probatur
770 1784 804 1816 et
833 1780 1063 1817 confirmatur.
1122 1782 1160 1817 Iu
1195 1794 1226 1817 v.
1254 1783 1325 1818 626
1356 1782 1435 1818 libri
1462 1782 1492 1818 II
1523 1783 1607 1819 dicit

206 1839 388 1875 Lueretius
421 1852 498 1875 aere
530 1847 632 1887 atque
664 1847 804 1887 arqento
835 1847 988 1876 sternunt
1012 1842 1079 1876 iter
1104 1854 1201 1877 omne
1226 1843 1365 1877 viarum
1390 1842 1525 1889 poetica
1550 1853 1606 1878 ra-

206 1899 299 1935 tione
331 1898 466 1945 plenius
496 1898 557 1933 illa
590 1899 766 1934 enuntiata
797 1910 898 1945 quam
931 1907 1087 1936 sternunt
1125 1913 1222 1936 omne
1252 1903 1317 1937 iter
1356 1899 1435 1944 (den
1471 1912 1604 1945 ganzen

205 1956 306 2002 Weg)
333 1956 386 1993 vel
412 1964 568 1992 sternunt
593 1969 706 1992 omnes
730 1959 805 1993 vias
828 1957 906 2001 (alle
932 1958 1118 2005 Strassen),
1143 1959 1202 1995 ubi
1220 1959 1342 1996 Mum-0
1360 1963 1441 2007 apte
1460 1960 1605 1996 eontulit

207 2028 237 2051 v.
265 2016 294 2051 V
323 2017 394 2052 712
429 2029 616 2062 cursusque
648 2018 740 2052 viam
771 2018 832 2052 sub
864 2019 934 2053 sole
959 2025 1069 2054 tenere
1095 2022 1129 2054 et
1154 2030 1217 2065 par
1242 2019 1431 2064 tautologia
1457 2019 1605 2055 occurrit

205 2075 241 2110 in
272 2074 424 2110 eiusdem
456 2074 536 2109 libri
564 2085 595 2108 v.
626 2075 716 2110 1122
741 2077 807 2111 iter
830 2076 995 2122 infestum
1009 2077 1129 2123 fecere
1152 2079 1228 2113 viai
1252 2078 1342 2123 quod
1370 2077 1499 2113 maiore
1525 2088 1602 2113 cum

206 2133 375 2179 elegantia
400 2136 501 2180 poeta
526 2132 643 2178 posuit
668 2144 769 2179 quam
795 2136 861 2170 iter
884 2135 1048 2181 inscitum
1063 2136 1182 2182 fecere
1205 2138 1365 2183 viamque
1371 2150 1384 2179 ,-
1411 2147 1603 2183 synonyma

205 2192 264 2227 illa
300 2192 481 2228 coniuncta
517 2192 711 2228 invenimus
750 2194 840 2240 apud
877 2193 1058 2230 Caesarem
1090 2195 1125 2230 in
1157 2194 1237 2231 belli
1268 2194 1390 2231 Gallici
1422 2195 1510 2231 libro
1543 2195 1601 2242 vl,

206 2261 278 2297 cap.
300 2252 342 2287 17
369 2252 459 2287 hunc
485 2250 720 2297 (Mercurium)
745 2254 883 2288 viarum
908 2260 1011 2300 atque
1035 2255 1198 2289 itinerum
1222 2255 1342 2290 ducem
1359 2274 1405 2278 —
1423 2255 1599 2291 arbitran-

206 2316 262 2344 tur
287 2313 320 2345 et
344 2310 379 2345 in
405 2309 580 2346 Ciceronis
606 2321 738 2356 quoque
765 2311 808 2346 ad
834 2311 989 2347 Atticum
1016 2311 1162 2358 epistola
1187 2314 1285 2348 sexta
1311 2312 1444 2348 decima
1460 2312 1539 2349 libri
1558 2313 1598 2358 V,

206 2379 279 2414 par.
308 2370 326 2403 1
354 2371 416 2404 etei
439 2371 477 2404 in
501 2371 578 2417 ipso
604 2371 726 2405 itinere
752 2377 783 2406 et
806 2372 865 2405 via
891 2370 1110 2406 discedebant
1132 2371 1400 2418 publicanorum
1424 2372 1601 2409 tabellarii

204 2426 369 2463 maiorem
401 2438 501 2473 quam
535 2439 597 2476 pro
623 2429 829 2465 necessitate
855 2429 1044 2465 sententiae
1069 2429 1250 2466 verborum
1278 2431 1410 2478 copiam
1438 2442 1511 2468 esse
1537 2443 1597 2480 ap-

202 2488 314 2533 paret.
347 2506 393 2509 —
425 2486 528 2522 Aliud
560 2488 682 2525 deinde
712 2489 862 2534 genetivi
894 2488 1089 2536 exemplum
1121 2492 1215 2526 extat
1248 2490 1283 2526 in
1314 2502 1346 2527 v.
1373 2491 1419 2527 67
1445 2491 1525 2529 libri
1550 2492 1596 2528 IV
