1835 2765
833 177 1077 231 VITA.

322 363 421 392 Julius
447 363 595 393 Aemilius
622 364 814 393 Hermannus
835 364 984 394 Kraetsch
1007 366 1096 394 natus
1123 372 1188 393 sum
1216 373 1243 393 a.
1262 363 1291 392 d.
1311 363 1355 393 IV
1382 362 1453 391 Idus
1479 360 1658 391 Februarias

244 421 271 441 a.
285 412 360 442 1856
375 412 507 441 Berolini
529 415 615 451 patre
632 413 804 442 Hermanno
826 416 921 443 matre
936 413 1108 443 Florentina
1129 421 1146 442 e
1160 416 1251 450 gente
1266 411 1404 442 Sudrow.
1434 411 1508 440 Fide
1523 411 1659 440 initiatus

244 471 310 490 sum
337 463 524 499 evangelica.
561 463 595 499 ln·
619 463 780 492 seminario
806 463 992 492 Berolinensi
1019 463 1057 491 ad
1084 463 1266 491 severiorem
1292 461 1442 499 gymnasii
1468 460 1657 497 disciplinam

244 513 442 548 praeparatus
468 520 539 540 vere
561 512 631 540 anni
655 512 729 541 1869
751 512 780 540 in
802 514 910 548 quarta
931 512 1028 550 classe
1051 512 1201 548 gymnasii
1222 511 1400 541 Joachimici
1421 513 1561 547 receptus
1582 518 1659 545 sum,

245 568 305 597 qua
326 560 356 588 in
378 560 481 589 schola
502 560 626 598 egregia
646 560 973 598 praestantissimorum
996 563 1228 598 praeceptorum
1251 560 1410 598 disciplina
1430 568 1483 597 per
1497 562 1543 588 ter
1559 558 1660 588 decies

245 617 299 637 sex
323 617 442 638 menses
464 618 536 637 usus
558 618 635 646 sum,
657 617 784 647 quorum
807 610 980 638 memoriam
1004 618 1122 646 semper
1144 610 1243 639 animo
1257 610 1337 639 laeto
1352 611 1499 647 gratoque
1514 611 1659 645 repetam.

246 657 363 686 Deinde
385 658 413 686 in
430 657 597 687 liberiorem
613 658 820 687 universitatis
835 667 975 695 campum
991 667 1132 695 egressus
1147 658 1279 688 Berolini
1293 667 1347 696 per
1361 659 1455 688 octies
1470 666 1524 687 sex
1539 665 1660 686 menses

246 706 406 735 audiebam
429 707 510 735 viros
529 707 712 736 clarissimos
728 708 873 744 Curtium,
897 708 1109 744 Dillmannum,
1131 707 1304 745 Geigerum,
1326 707 1537 744 Henningium‚
1560 705 1660 735 Hueb-

246 763 366 792 nerum,
402 755 637 794 Kirchhoffium‚
673 756 943 794 Muellenhoffium,
979 757 1176 794 Paulsenum,
1210 756 1450 794 Treitschkium,
1482 756 1661 792 Vahlenum,

247 804 522 842 Wattenbachium,
536 805 812 843 Wilamowirzium,
827 806 983 835 Zellerum.
1016 806 1172 835 Summum
1188 810 1289 836 autem
1305 806 1434 835 fructum
1450 806 1519 835 inde
1531 805 1662 842 percepi,

247 853 328 890 quod
348 854 427 882 inter
448 853 567 883 sodales
589 854 744 883 seminarii
766 854 911 893 philologi
932 858 1055 892 recepto
1077 864 1131 893 per
1152 855 1228 885 duos
1249 863 1345 885 annos
1360 856 1483 892 egregia
1497 854 1663 884 Kirchhoffi

247 906 278 931 et
305 903 432 931 Vahleni
463 903 652 933 institutione
684 904 729 933 uti
760 904 832 933 mihi
858 904 950 933 licuit.
990 904 1134 933 Omnibus
1166 904 1212 933 his
1238 905 1310 933 viris
1341 904 1579 941 spectatissimis,
1612 903 1663 939 qui

248 951 370 988 optimis
392 951 500 981 studiis
522 960 570 981 me
591 952 799 982 instruxerunt
821 955 912 990 atque
933 952 1114 990 imbuerunt,
1136 962 1270 982 summas
1291 961 1328 982 ex
1349 952 1449 982 animo
1463 952 1578 989 gratias
1594 959 1661 988 ago.

556 1262 894 1303 SENTENTIAE
933 1263 1362 1303 CONTROVERSAE.

946 1438 971 1472 Ι.

353 1513 391 1546 In
419 1513 527 1547 altero
547 1513 687 1547 Lucreti
714 1513 813 1557 libro,
843 1524 873 1546 v.
894 1513 979 1557 342,
1007 1523 1125 1548 vocem
1143 1519 1323 1559 praeterea
1342 1523 1417 1548 esse
1436 1511 1665 1556 retinendam,

256 1577 289 1611 in
317 1578 542 1623 sequentibus
569 1577 823 1612 anacoluthiam
853 1577 1080 1612 tolerandam.

943 1681 982 1715 ΙΙ.

355 1755 475 1797 Quarti
514 1755 593 1790 libri
633 1766 770 1790 versum
804 1756 876 1790 290
915 1754 1062 1801 probata
1095 1753 1235 1790 Goebeli
1273 1754 1446 1790 sententia
1484 1765 1552 1789 non
1594 1764 1669 1790 esse

256 1819 459 1854 mutandum
490 1830 552 1854 neo
578 1819 652 1854 loco
680 1819 888 1854 movendum
917 1819 976 1854 sed
1004 1822 1104 1854 antea
1131 1818 1261 1865 aliquid
1288 1818 1467 1854 excidisse.

936 1923 991 1957 ΙΙΙ.

355 1996 392 2032 In
433 1995 590 2032 Platonis
628 1996 899 2043 Euffiyphrone,
945 2008 1023 2043 pag.
1055 1998 1077 2032 5
1104 1997 1155 2042 D,
1196 1996 1404 2032 Schanzium
1444 1996 1669 2043 participium

257 2059 437 2098 ἀδικοῦντι
463 2061 594 2097 frustra
620 2061 889 2107 impugnavisse.

937 2156 993 2191 IV.

358 2230 396 2264 In
428 2230 581 2265 eiusdem
610 2230 741 2277 Hippia
773 2231 903 2266 maiore
931 2242 1009 2277 pag.
1031 2231 1101 2266 288
1115 2230 1159 2275 A,
1192 2230 1297 2265 verba
1324 2230 1367 2265 δι’
1392 2229 1411 2264 ὃ
1437 2230 1530 2264 ταῦτ’
1549 2229 1595 2264 ἂν
1620 2231 1672 2276 εἴη

260 2294 354 2330 καλοί
380 2295 526 2330 delenda
552 2306 638 2330 esse.
