1835 2765
898 65 942 100 16

209 162 294 197 satis
321 160 502 196 habuerit?
554 161 628 205 Ego
655 161 785 196 nullam
814 173 955 197 causam
974 161 1073 197 video
1102 162 1169 197 nisi
1188 162 1277 207 quod
1305 162 1369 197 hoc
1394 163 1495 198 modo
1522 168 1625 210 poeta

209 231 328 256 versus
354 230 537 256 numerum
564 220 730 268 explevit,
757 221 815 267 qui
835 220 949 257 verbis
968 221 1017 256 sic
1042 231 1148 267 supra
1173 220 1415 256 necessitatem
1433 222 1624 258 coniunctis

209 279 293 314 adeo
319 290 389 314 non
416 277 567 316 offensus
603 283 673 325 est,
707 283 745 315 ut
776 281 811 316 in
839 292 870 316 v.
895 280 910 316 Ι
934 281 1005 315 479
1038 291 1134 316 mera
1166 283 1200 315 et
1231 280 1319 315 mira
1350 280 1448 316 nobis
1486 281 1624 327 quidem

207 338 375 374 orationis
403 338 561 374 ubertate
580 339 672 374 dicat
690 341 758 382 (res
777 338 909 386 gestas)
926 352 998 375 non
1015 341 1066 375 ita
1091 341 1145 375 uti
1170 352 1295 387 corpus
1319 352 1383 387 per
1408 352 1443 375 ee
1469 348 1625 376 constare

206 410 316 445 neque
343 410 414 434 esse
441 401 476 434 et
501 398 537 433 in
556 409 587 433 v.
607 397 636 433 V
655 396 789 445 887188
818 398 923 434 simili
950 398 1151 445 pleonasmo
1177 398 1238 434 sed
1264 398 1422 445 quaesita
1441 398 1623 434 verborum

207 456 435 493 collocatione
453 457 495 493 de
513 456 696 492 Centauris
721 471 764 493 ne
780 458 881 503 forte
906 471 947 493 ea:
972 459 1108 494 homine
1135 466 1167 494 et
1190 460 1341 494 veterino
1367 460 1493 494 semine
1519 470 1623 505 equo-

206 529 287 551 rum
312 516 467 567 Confieri
492 517 612 551 credas
639 515 827 551 Centauros
851 529 954 563 pocae
979 529 1089 563 neque
1114 530 1193 552 esee.

311 576 426 622 Atque
466 575 519 610 his
559 574 728 621 exemplis
768 575 936 610 accedunt
974 574 1058 620 alia,
1099 575 1222 621 quibus
1255 575 1342 612 hanc
1373 576 1414 612 de
1441 587 1508 622 qua
1533 587 1625 611 nunc

210 635 315 670 verba
340 635 428 670 facio
456 637 577 680 poetae
604 633 773 668 rationem
803 634 888 668 satis
914 633 1113 669 confirmari
1140 645 1397 679 cognoscemus.
1448 635 1537 671 Nam
1564 647 1624 671 cur

208 698 310 741 poeta
336 694 371 729 in
398 705 438 729 ea
464 696 563 740 parte
590 692 671 728 libri
698 692 723 738 Ι,
752 692 810 729 ubi
838 693 880 729 de
907 693 1009 729 rebus
1034 693 1188 740 loquitur
1205 693 1374 741 paulatim
1392 695 1624 730 crescentibus

207 754 324 798 itaque
362 756 491 788 certam
531 753 712 787 materiem
751 764 826 788 esse
866 753 1111 799 probantibus,
1150 754 1186 789 in
1218 765 1248 788 v.
1280 755 1345 789 191
1379 754 1510 790 duobus
1542 754 1626 789 dicit

207 811 321 847 verbis
357 813 505 859 quicque
531 825 597 847 cua
623 813 665 847 de
691 814 840 847 materia
863 814 1092 859 qrandescere
1117 813 1252 860 alique,
1294 823 1370 848 cum
1398 813 1624 858 grandescere

206 870 357 906 sufficiat
387 882 450 917 per
484 882 519 906 se
553 871 692 917 ipsum?
745 870 813 906 Sed
841 872 973 907 adiecto
1000 871 1059 907 illo
1086 873 1203 919 alique
1230 875 1349 917 aptum
1376 872 1480 908 habet
1506 883 1623 908 versus

206 930 352 975 exitum,
380 940 481 975 quem
509 929 564 965 hic
589 934 765 976 repertum
794 930 926 965 duobus
954 930 1030 966 aliis
1058 931 1141 966 locis
1168 930 1332 976 repetivit
1357 935 1477 977 poeta:
1513 931 1525 965 I
1553 933 1624 966 804

206 992 245 1025 in
276 1003 384 1025 aurae
410 990 515 1025 Ae‘ris
547 1003 564 1025 e
594 998 688 1026 terra
718 1003 772 1025 res
799 992 909 1025 omnis
936 1003 1085 1026 crescere
1110 991 1227 1038 alique
1254 993 1287 1025 et
1313 989 1343 1025 ΙΙ
1369 991 1441 1026 546
1466 1003 1624 1037 procree—

207 1062 282 1084 cere
311 1049 441 1096 alique.
495 1048 532 1083 In
564 1048 683 1084 eodem
719 1060 844 1093 genere
871 1052 1053 1095 praeterea
1079 1053 1131 1084 est
1157 1061 1276 1084 versus
1304 1049 1349 1084 111
1376 1050 1447 1084 513
1475 1063 1624 1084 commu-

208 1116 282 1144 tare
315 1110 470 1144 animum
502 1110 710 1156 quicumque
736 1110 897 1144 adoritur
923 1116 954 1144 et
978 1109 1072 1154 infit,-
1106 1109 1182 1154 infit
1208 1108 1298 1143 enim
1327 1111 1379 1143 est
1405 1109 1621 1155 aqqreditur‚

208 1178 276 1202 non
318 1168 359 1203 de
394 1168 492 1203 initio
525 1169 583 1203 sed
616 1168 659 1203 de
685 1171 810 1203 conatu
838 1168 985 1212 dictum,
1025 1172 1059 1203 et
1085 1172 1254 1202 remotum
1283 1167 1326 1202 ab
1353 1167 1413 1202 illa
1439 1168 1623 1212 sententia,

208 1238 277 1273 qua
311 1226 483 1272 Vergilius
524 1228 587 1263 hoc
622 1227 762 1263 verbum
796 1238 898 1273 saepe
929 1227 1045 1273 ponit,
1085 1227 1143 1262 ubi
1176 1226 1268 1261 dicta
1294 1226 1439 1262 alicuius
1466 1224 1622 1273 refert*).

210 1306 253 1310 -
282 1286 386 1321 Aliud
414 1287 538 1321 deinde
565 1298 680 1322 merae
708 1287 938 1322 abundantiae
965 1286 1161 1332 exemplum
1182 1289 1278 1322 extat
1297 1286 1332 1321 in
1352 1286 1447 1322 vs.11
1470 1284 1622 1333 1118s19

306 1452 337 1488 ἐξ)
360 1452 409 1480 Sic
432 1453 510 1490 coepi
529 1459 647 1488 quoque
669 1455 809 1480 conatum
831 1450 983 1488 significat
1004 1451 1034 1480 in
1057 1460 1084 1480 v.
1101 1452 1157 1480 806
1179 1451 1245 1480 libri
1265 1452 1310 1480 IV
1329 1461 1418 1480 nonne
1437 1453 1513 1480 vides
1532 1453 1624 1480 oculos

208 1502 304 1536 ettam,
336 1511 398 1529 cum
429 1501 521 1529 tenvia
552 1510 622 1539 quae
651 1505 716 1529 sunt
735 1499 856 1530 Cernere
886 1505 1048 1538 coeperunt,
1077 1500 1242 1529 contendere
1266 1510 1294 1529 se
1314 1505 1396 1539 atque
1415 1510 1522 1538 parare
1543 1504 1574 1529 et
1594 1501 1623 1529 in

206 1559 233 1578 v.
253 1550 293 1579 VI
310 1550 367 1578 432
384 1550 434 1578 hoc
446 1551 493 1586 fit,
514 1550 563 1578 ubi
581 1550 722 1579 interdum
742 1559 797 1577 non
819 1550 878 1587 quit
897 1550 940 1578 vis
960 1550 1048 1578 incita
1069 1550 1143 1578 venti
1156 1549 1295 1587 Rumpere
1316 1560 1398 1587 quam
1420 1550 1507 1587 coepit
1527 1550 1624 1578 nubem

206 1602 259 1635 (sc.
276 1601 428 1635 rumpere)
449 1599 499 1626 sed
519 1599 658 1636 deprimit,
680 1597 751 1626 item
775 1598 925 1626 interdum
948 1598 1062 1635 incipio,
1084 1597 1166 1626 velut
1188 1600 1217 1626 in
1238 1598 1360 1626 Terenti
1381 1598 1514 1627 Andriae
1534 1606 1624 1627 versu

203 1647 261 1677 493
294 1647 361 1677 Tibi
384 1647 481 1677 videor
507 1657 577 1684 esse,
605 1656 683 1686 quem
712 1652 768 1677 tam
790 1652 888 1686 aperte
902 1646 1011 1684 fallere
1035 1647 1156 1685 incipias
1182 1647 1252 1675 dolis
1279 1647 1342 1681 (cui
1364 1646 1475 1676 addere
1497 1647 1566 1676 licet
1587 1655 1623 1676 ex

205 1698 331 1735 Nepotis
363 1697 507 1735 Pelopida
529 1698 555 1734 1,
580 1699 593 1726 1
625 1698 652 1727 si
674 1707 720 1727 res
753 1690 1086 1736 explicare'incipiam),
1117 1704 1205 1734 quem
1234 1705 1353 1726 versum
1382 1697 1485 1726 Munro
1511 1697 1623 1726 certius

204 1747 342 1776 attulisse
369 1747 502 1784 videtur,
534 1755 623 1784 quam
647 1747 767 1775 Lucreti
796 1755 902 1775 versus
927 1746 1041 1782 154s55
1072 1756 1137 1774 nam
1168 1747 1220 1775 tihi
1238 1747 1272 1775 de
1291 1757 1396 1775 summa
1423 1747 1497 1775 caeli
1514 1748 1623 1775 ratione

208 1796 341 1835 deumque
367 1796 503 1826 disserere
522 1796 659 1835 incipiam
680 1799 711 1824 et
732 1796 773 1824 IV
795 1796 832 1824 29
854 1805 928 1823 nunc
948 1804 1032 1833 ayere
1052 1796 1200 1833 incipiam3
1228 1795 1300 1824 haec
1321 1795 1398 1824 enim
1422 1801 1453 1824 et
1473 1804 1533 1825 una
1554 1804 1621 1824 cum

205 1846 250 1874 eis
271 1855 300 1874 v.
315 1846 356 1874 1V
371 1846 429 1874 880
450 1855 537 1883 neque
558 1846 630 1874 enim
646 1845 749 1882 facere
770 1845 870 1882 incipit
882 1845 968 1873 ullam
983 1844 1049 1873 Rem
1066 1845 1210 1883 quisquam
1224 1845 1357 1882 intellegi
1373 1847 1500 1882 possunt
1514 1853 1551 1874 ex
1566 1854 1622 1874 usu

205 1894 255 1923 illo
283 1894 415 1930 vulgari,
443 1902 502 1930 quo
529 1895 622 1932 coepi,
651 1898 753 1931 coepto,
779 1894 883 1931 incipio
912 1902 978 1922 cum
1005 1892 1151 1922 infinitivo
1173 1897 1205 1922 ut
1226 1896 1359 1922 nostrum
1384 1893 1569 1930 „anfangen“
1593 1897 1623 1922 et

205 1943 390 1972 Graecorum
407 1942 575 1982 ‘dmm-9111,
597 1944 763 1981 ἐπιχειρεῖν,
785 1941 953 1982 πειρᾶσθαί
970 1942 1050 1978 (vide
1067 1942 1235 1971 Weiskium
1257 1942 1287 1971 in
1306 1941 1381 1971 libro
1396 1941 1434 1970 de
1449 1942 1623 1979 pleonasmo

205 2001 295 2029 pagg.
319 1993 419 2029 101s2,
454 1992 570 2028 117s18)
606 2000 665 2020 non
691 1992 835 2028 temporis
864 1999 960 2028 neque
991 1992 1103 2021 ordinis
1130 1992 1277 2021 rationem
1306 1990 1418 2021 habent
1444 1990 1497 2020 sed
1524 1991 1621 2028 ipsum

205 2041 315 2078 agendi
345 2041 463 2070 initium
496 2040 631 2069 indicant
662 2040 703 2069 ita
734 2043 766 2069 ut
792 2049 882 2077 saepe
911 2040 980 2070 nihil
1009 2041 1194 2078 exprimatur
1219 2041 1275 2069 nisi
1301 2040 1385 2069 verbi
1413 2040 1507 2077 ipsius
1534 2040 1624 2069 latior

206 2089 403 2127 significatio;
426 2089 475 2127 cf„
498 2090 524 2119 si
544 2090 653 2127 placet,
676 2089 729 2119 hos
751 2090 846 2119 locos:
876 2091 885 2119 1
904 2091 958 2120 126
981 2091 1113 2119 lacrimae
1134 2090 1277 2129 effundere
1298 2090 1387 2119 salsas
1402 2088 1529 2127 Coepisse
1552 2088 1580 2118 h.
1596 2097 1621 2118 e.

207 2140 336 2177 effudisse
347 2141 489 2175 lacrimas,
506 2139 595 2169 V411
610 2149 730 2167 umor—
740 2141 829 2178 coepit
838 2149 982 2178 superare,
994 2140 1085 2168 V443
1097 2139 1278 2177 diffuqere—
1286 2143 1382 2177 partes
1394 2148 1515 2177 coepere,
1531 2139 1622 2167 11114

207 2189 290 2217 simul
309 2200 342 2218 ac
356 2190 431 2218 ratio
445 2194 494 2218 tua
509 2189 601 2227 coepit
613 2188 769 2226 vociferari
782 2188 809 2218 h.
822 2197 848 2219 e.
864 2189 1049 2226 vociferatur,
1073 2188 1097 2217 V
1114 2189 1170 2216 287
1186 2188 1270 2216 simul
1281 2197 1316 2216 ae
1330 2203 1366 2208 —
1379 2188 1464 2216 nubes
1478 2188 1623 2216 succedere

207 2239 258 2266 soli
279 2237 410 2276 Coepere,
439 2239 479 2268 lV
502 2239 559 2268 5⁶29
590 2239 633 2267 ire
658 2238 739 2273 foras
764 2239 813 2267 uhi
839 2242 989 2277 coeperunt
1010 2238 1172 2276 primordia
1198 2247 1294 2265 vocum
1315 2236 1356 2266 Vl
1379 2237 1455 2266 1118
1476 2236 1551 2274 (ubi)
1573 2236 1623 2266 αέν

206 2287 335 2315 inimicus
359 2297 468 2325 serpere
494 2288 597 2325 coepit,
625 2288 665 2316 1V
688 2288 743 2316 617
771 2288 917 2326 sponyz'am
939 2303 974 2307 —
997 2286 1031 2315 Si
1051 2287 1112 2324 quis
1134 2303 1169 2306 —
1189 2296 1316 2324 premere
1337 2296 1370 2314 ac
1391 2288 1498 2315 siccare
1518 2287 1621 2325 eoepit;

207 2336 292 2364 1267
314 2345 348 2364 ne
364 2353 397 2356 —
414 2342 519 2375 coeptes
540 2336 672 2375 diffidere
693 2337 789 2371 dictis,·
816 2337 857 2365 1V
879 2336 937 2364 403
958 2336 1043 2364 iubar
1058 2351 1093 2354 —
1110 2336 1217 2373 erz'qere
1231 2351 1267 2355 —
1291 2334 1358 2363 Cum
1379 2340 1489 2373 coeptat
1506 2340 1621 2371 natura,

207 2385 250 2414 V1
271 2386 329 2415 255
356 2396 418 2414 cum
439 2387 594 2416 commoliri
613 2391 757 2424 tempestas
773 2386 903 2424 fulmina
924 2389 1048 2424 coeptas,-
1077 2384 1117 2414 Vl
1140 2384 1197 2413 906
1218 2393 1301 2423 ayere
1321 2384 1456 2423 incipiam
1477 2382 1515 2413 cf.
1530 2384 1620 2422 Verg.

207 2434 319 2472 Georg.
348 2435 357 2463 1
382 2436 400 2463 5
432 2436 494 2464 hinc
526 2445 627 2465 canere
651 2436 785 2474 incipiam
813 2435 895 2473 quod
923 2443 1016 2463 unum
1040 2433 1246 2463 Wakefieldus
1278 2434 1413 2471 pluribus
1440 2434 1513 2463 locis
1540 2436 1621 2464 recte

207 2484 305 2514 affert.
