1835 2765
950 41 997 77 33

272 140 452 177 verborum
487 142 586 187 copia
612 141 705 176 nullo
730 140 923 184 sententiae
948 140 1154 175 detrimento
1181 140 1284 175 verba
1310 142 1411 176 terris
1436 141 1575 175 remotis
1601 138 1675 173 sola

270 198 481 244 sufficerent3
513 204 663 236 ceterum
689 201 828 247 reqione
854 200 995 246 locoque
1020 197 1075 233 hic
1101 201 1135 233 et
1160 198 1207 234 IV
1235 199 1304 234 784
1330 200 1447 235 eadem
1471 201 1509 234 in
1534 200 1675 246 reqione

271 260 411 307 locoque
448 271 511 306 pro
550 261 689 307 reqione
727 259 796 294 loci
832 258 924 294 dicta
962 256 1139 299 videntur,
1179 257 1270 303 quod
1301 261 1402 303 poeta
1433 257 1674 305 perspicuitati

269 319 372 354 nimis
399 319 551 354 serviens
577 317 693 364 posuit
717 318 753 352 in
779 329 829 352 vs.
848 316 879 352 Il
902 317 986 362 260,
1014 317 1096 361 293,
1123 315 1151 350 V
1171 316 1242 352 804
1268 316 1351 351 item
1379 320 1479 362 atque
1505 329 1581 353 eum
1611 328 1673 363 pro

268 380 408 426 reyione
431 380 506 413 viai
529 375 575 423 (ll
594 374 681 422 249)
706 376 761 412 vel
785 378 923 411 viarum
949 375 977 420 (l
996 373 1083 421 958)
1107 366 1288 422 reqionem'
1306 378 1466 422 viamque
1491 377 1674 412 coniuncta

270 437 400 473 dixisse
425 436 581 472 videmus
607 435 641 469 in
669 446 700 469 v.
728 434 773 470 IV
804 434 906 470 1264.
936 454 978 459 —

367 495 438 531 Iam
466 506 507 530 ex
534 493 621 528 libro
648 494 750 529 tertio
776 504 1006 529 commemoro
1034 505 1064 530 v.
1086 494 1129 530 78
1147 496 1319 529 intereunt
1329 495 1466 541 partim
1482 501 1674 529 statuarum

270 562 302 589 et
331 555 481 589 nominis
507 565 599 598 erqo,
633 552 667 587 in
695 563 798 597 quam
825 553 1000 588 nominum
1028 549 1310 598 compositionem
1338 563 1547 598 quamquam
1574 556 1675 598 poeta

270 612 370 648 facile
403 612 478 657 ipse
509 610 661 646 incidere
691 614 843 657 poterat,
880 611 1025 647 fortasse
1051 614 1167 647 tamen
1194 611 1401 647 meminerat
1426 610 1532 647 Ennii
1558 611 1673 655 verba,

270 682 357 717 quae
374 670 568 706 Macrobius
595 681 636 705 ex
654 670 846 707 Annalibus
874 671 1006 706 rettulit
1032 670 1124 715 (vide
1143 671 1329 706 Annalium
1357 683 1407 706 vs.
1427 668 1553 716 403s4)
1580 684 1675 717 reyes

269 743 333 777 per
373 742 518 776 reqnum
554 736 753 776 statuasque
790 729 1039 775 sepulchraque
1077 737 1265 776 quaerunt,
1305 730 1503 775 Aedzfieaut
1531 742 1675 765 nomen:

270 802 404 824 «summa
429 790 588 824 nituntur
614 801 718 836 opum
742 790 795 831 vi;
827 787 950 823 deinde
978 787 1023 823 ΙΙΙ
1054 789 1117 823 141
1148 789 1202 824 hie
1228 789 1357 825 exultat
1382 792 1472 825 enim
1491 802 1609 837 pavor
1634 802 1676 824 ac

270 856 377 883 metus
408 848 464 891 (cf.
492 848 527 882 in
552 847 619 882 fine
644 858 764 882 versus
791 848 857 882 901
889 848 1083 882 dissoluant
1107 849 1218 882 animi
1242 861 1365 894 mayno
1392 861 1427 883 se
1452 861 1582 895 anqore
1607 861 1675 883 me-

271 904 403 954 tuque),
429 905 476 941 III
493 907 564 941 646
591 918 734 953 corpore
757 906 891 952 reliquo
913 918 1074 953 puynam
1099 907 1284 952 caedesque
1297 908 1449 953 peteseit,
1476 905 1675 951 111585s86

265 978 401 1013 perque
429 967 567 1000 viarum
600 967 710 1000 omnis
733 966 864 1011 flea-us,
902 967 940 999 in
973 977 1116 1011 corpore
1142 967 1205 1011 qui
1229 972 1324 1009 sunt,
1359 972 1461 1011 atque
1476 966 1672 1011 foramina.

273 1043 316 1047 —-
350 1024 443 1059 Inest
479 1023 619 1058 ubertas
650 1023 818 1068 quaedam
850 1022 1016 1058 orationis
1042 1023 1145 1057 etiam
1173 1023 1208 1057 in
1235 1022 1306 1057 his:
1346 1022 1392 1057 IV
1420 1021 1550 1069 758s59
1577 1036 1677 1070 quem

272 1082 421 1118 Rellicta
457 1084 528 1118 vita
564 1084 637 1117 iam
673 1094 766 1117 mors
804 1089 836 1117 et
864 1088 958 1117 terra
985 1083 1129 1129 potitaet
1156 1081 1213 1126 (cf.
1242 1081 1255 1116 I
1286 1082 1373 1125 135,
1401 1081 1431 1116 V
1458 1082 1518 1125 63)
1545 1082 1677 1118 duobus

271 1140 467 1177 nominibus
505 1141 628 1187 positis
660 1141 717 1176 ubi
749 1152 856 1176 unum
882 1139 1090 1184 suffecisset;
1131 1140 1190 1176 sed
1216 1152 1291 1175 cum
1320 1141 1355 1175 in
1382 1144 1527 1187 utroque
1553 1142 1582 1176 si
1608 1152 1677 1176 non

271 1200 320 1236 rei
347 1202 383 1235 at
407 1200 551 1235 rationis
578 1199 693 1245 aliqua
719 1200 764 1235 sit
786 1198 992 1244 differentia,
1019 1199 1134 1235 minus
1153 1199 1287 1235 abunde
1307 1210 1348 1235 ea
1365 1199 1458 1235 dicta
1477 1203 1557 1236 sunt
1574 1211 1676 1246 quam

271 1270 358 1305 quae
395 1262 515 1306 postea
553 1260 588 1294 iu
621 1270 652 1294 v.
680 1259 750 1294 764
776 1262 878 1305 poeta
902 1258 990 1294 mire
1016 1258 1196 1294 coniunxit
1221 1261 1341 1294 mortis
1368 1260 1493 1306 letique
1514 1261 1674 1306 potitum.

271 1338 318 1343 —
344 1317 438 1353 Haec
463 1320 651 1363 sequuntur
677 1328 719 1353 ex
745 1317 833 1352 libro
859 1317 981 1364 quinto
1009 1328 1129 1353 versus
1156 1319 1227 1353 553
1250 1318 1413 1364 partibus
1433 1320 1539 1353 αένίίε
1556 1320 1679 1354 mundi

272 1378 433 1424 caeloque
456 1378 611 1412 revincta
618 1404 628 1421 ,
658 1377 727 1412 765
754 1377 847 1423 quod
871 1377 991 1411 radios
1016 1378 1249 1423 interrumpat
1275 1377 1456 1424 lumenque
1475 1377 1675 1425 profusum,

274 1436 359 1481 798,
389 1436 481 1472 1076
505 1448 612 1483 qenue
638 1436 784 1471 alituum
807 1437 993 1483 variaeque
1018 1436 1184 1480 volucres,
1213 1436 1285 1471 872
1310 1436 1394 1471 haec
1419 1437 1501 1472 aliie
1524 1437 1678 1483 praedae

273 1495 436 1543 lucroque
461 1495 629 1540 iacebant,
656 1495 725 1530 971
753 1507 814 1530 nec
841 1514 885 1519 -
912 1496 1002 1530 diem
1023 1517 1069 1522 —
1091 1495 1262 1542 solemque
1287 1495 1506 1540 Quaerebant
1531 1506 1676 1542 quocum

272 1554 428 1589 conferas
455 1554 559 1589 verba
576 1553 676 1589 Ovidi
702 1554 737 1588 in
763 1553 845 1588 Met.
865 1553 925 1588 Vll
952 1555 1018 1588 411
1049 1554 1090 1588 de
1108 1553 1255 1589 Cerbero
1274 1554 1377 1599 dicta,
1405 1555 1462 1599 qui
1481 1554 1675 1590 abstractus

272 1624 291 1649 e
316 1612 467 1649 tenebris
497 1620 618 1648 contra
643 1614 734 1648 diem
757 1614 944 1660 radiosque
968 1614 1131 1648 micantes
1158 1612 1357 1658 obliquabat
1383 1612 1514 1657 oculos3
1551 1613 1675 1648 deinde

272 1671 302 1706 V
331 1672 423 1707 1055
462 1671 617 1707 homines
648 1684 727 1707 voce
758 1679 790 1707 et
819 1672 939 1719 linqua
963 1671 1137 1719 praeditos
1163 1671 1267 1707 mutis
1295 1671 1413 1706 bestiis
1440 1674 1542 1718 poeta
1568 1683 1676 1718 oppo-

272 1730 357 1773 suit3
382 1733 563 1777 praeterea
588 1730 697 1765 oratio
723 1730 876 1766 abundat
899 1730 936 1766 in
962 1741 994 1765 v.
1017 1730 1106 1765 1441
1134 1731 1270 1765 auxilia
1294 1743 1335 1765 ac
1358 1732 1468 1765 socioe
1485 1732 1558 1766 iam
1572 1738 1674 1778 pacto

262 1789 408 1836 foedere
445 1789 616 1824 habebant
652 1792 687 1825 et
723 1789 759 1824 in
797 1801 830 1824 v.
864 1790 958 1826 1150
989 1791 1196 1825 circumretit
1225 1791 1314 1825 enim
1339 1791 1391 1825 vis
1417 1797 1519 1838 atque
1543 1792 1677 1826 inim-ia

273 1860 456 1896 quemque,
484 1858 561 1883 cum
587 1848 639 1883 vis
665 1859 799 1894 quoque
826 1848 954 1884 iniuria
979 1849 1025 1884 sit
1050 1849 1142 1891 (vide
1167 1848 1237 1884 Cic.
1264 1849 1305 1884 de
1332 1847 1387 1883 off.
1413 1848 1438 1883 I.
1461 1850 1515 1894 13,
1534 1851 1579 1884 41
1600 1863 1677 1885 cum

272 1914 385 1942 autem
417 1906 548 1942 duobus
579 1907 708 1951 modis,
746 1907 787 1941 id
817 1914 865 1941 est
896 1914 958 1942 aut
986 1909 1024 1942 vi
1054 1915 1115 1942 aut
1129 1908 1282 1953 fraude,
1313 1908 1382 1952 fiat
1405 1908 1570 1952 iniuria),
1608 1908 1675 1943 nisi

273 1970 388 2001 tamen
421 1965 508 2000 forte
539 1964 601 2000 hoc
626 1964 700 1999 loco
726 1963 906 2000 Lucretius
933 1965 1003 2000 vim
1030 1966 1177 2001 iniuriae
1203 1969 1242 2000 ut
1266 1965 1380 2001 fraudi
1406 1965 1541 2001 silentio
1566 1976 1674 2013 oppo-

272 2036 354 2061 nere
384 2024 500 2060 voluit.
553 2022 676 2059 Paucis
708 2023 863 2059 versibus
890 2026 969 2070 post
994 2023 1029 2058 in
1056 2035 1087 2059 v.
1109 2025 1202 2060 1158
1229 2024 1332 2060 etiam
1358 2025 1452 2060 mala
1477 2030 1511 2060 et
1529 2032 1676 2072 peccata

273 2083 407 2120 abunde
432 2082 593 2129 copulata
618 2082 773 2118 videmus
799 2101 846 2106 —
873 2082 901 2117 si
928 2081 1172 2118 Lachmannus
1198 2094 1279 2118 voce
1305 2084 1398 2118 moda
1423 2086 1516 2118 recte
1534 2094 1674 2119 versum

272 2142 425 2191 explevit
449 2143 484 2178 in
510 2142 682 2178 codicibus
709 2141 839 2177 duabus
866 2140 1007 2188 syllabis
1032 2141 1219 2188 privatum,
1247 2153 1333 2188 quae
1355 2143 1450 2178 mala
1467 2144 1584 2179 tamen
1604 2153 1675 2179 non

273 2202 429 2239 miserias
452 2201 696 2238 sceleratorum
720 2201 894 2236 hominum
919 2203 953 2236 et
978 2200 1080 2235 animi
1098 2204 1270 2237 tormenta
1288 2200 1460 2246 intellego,
1487 2204 1527 2237 ut
1542 2200 1675 2237 Pollius

272 2262 366 2307 facit,
393 2261 452 2308 qui
478 2272 519 2297 ea
544 2260 649 2297 refert
675 2260 718 2296 ad
744 2271 794 2296 vs.
816 2260 1018 2305 1149—53‚
1045 2259 1104 2295 sed
1130 2259 1173 2295 de
1190 2260 1280 2295 male
1296 2260 1396 2295 factis
1414 2259 1508 2296 dicta
1526 2260 1677 2296 arbitror

272 2324 312 2357 ut
348 2320 439 2368 apud
477 2319 606 2365 Vergil.
645 2320 681 2356 in
713 2319 800 2356 Aen.
825 2319 871 2356 VI
901 2320 989 2365 527,
1024 2319 1092 2355 739
1124 2321 1159 2355 et
1188 2319 1279 2366 apud
1305 2318 1467 2355 Ovidium
1498 2320 1535 2356 in
1562 2319 1676 2357 Met]

277 2381 345 2416 140
369 2382 589 2416 irm‘tamenta
613 2380 793 2416 malorum.
821 2399 868 2404 —

370 2438 457 2475 Item
491 2438 710 2485 pleonasmus
748 2440 845 2475 extat
881 2438 918 2473 in
956 2437 1009 2473 his
1047 2447 1184 2484 quoque
1222 2436 1406 2484 exemplis:
1448 2437 1477 2473 V
1503 2439 1595 2475 1139
1621 2451 1675 2474 ree

1480 2495 1499 2524 3
