1835 2765
888 61 933 94 14

199 157 246 193 IV
271 158 339 193 431
372 157 467 192 obire
497 164 529 192 et
561 158 707 192 condere
734 158 866 203 lumen,
904 158 948 193 IV
975 159 1046 193 977
1074 148 1210 193 cernere
1243 158 1403 193 saltantis
1436 165 1467 193 et
1491 158 1613 193 mollia

198 216 351 252 membra
374 218 553 260 moventis,
581 215 611 250 V
641 217 735 252 1064
761 224 793 252 et
817 230 894 252 cum
919 219 992 252 iam
1018 218 1147 252 latrant
1174 224 1204 252 et
1227 217 1368 252 vocibus
1386 219 1504 252 omnia
1521 230 1612 252 com-

194 276 309 324 plent,·
336 273 382 310 IV
412 275 506 311 1242
534 275 589 319 (ex
618 273 710 322 aliis)
742 278 940 324 succipiunt
970 277 1061 311 aliae
1090 277 1233 324 pondus
1258 277 1371 323 maqis
1400 277 1506 323 inque
1529 289 1613 323 yra-

197 342 338 370 vescum
363 334 514 379 eleganti
541 338 574 370 et
601 335 758 380 quaesita
784 335 946 379 dictione,
967 346 1050 370 cum
1070 335 1104 370 in
1123 334 1382 380 ingravescendi
1402 335 1505 371 verbo
1528 334 1611 370 item

197 393 282 428 insit
299 392 465 439 ponderis
483 392 702 438 significatio,
730 393 759 428 V
786 394 859 429 830
871 407 984 441 porro
1003 395 1092 429 aliut
1109 395 1267 429 clarescit
1284 401 1315 429 et
1332 407 1348 429 e
1365 394 1613 440 contemptibus

198 454 269 488 emit
293 452 352 495 (cf.
371 464 404 487 v.
429 451 537 497 1276)
563 452 760 498 oppositum
791 453 821 488 ei
850 453 899 494 (in
920 464 951 487 v.
972 452 1059 496 829)
1089 453 1179 498 quod
1204 455 1372 500 putrescit
1397 460 1427 489 et
1451 465 1534 488 aevo
1552 453 1612 487 de-

198 512 266 547 bile
293 512 442 559 lanquet.
495 510 559 545 His
586 510 675 545 addo
703 522 735 545 v.
764 511 779 545 Ι
806 512 891 555 280,
927 511 987 546 ubi
1013 511 1055 545 de
1082 512 1194 546 ventis
1221 512 1361 547 dicitur:
1392 525 1454 547 nec
1478 514 1613 546 ratione

188 572 310 618 fluunt
340 572 413 605 alia
442 576 660 616 straqemque
688 576 898 616 propaqant
930 569 1014 603 satis
1051 569 1190 615 copiosa
1223 569 1431 615 elocutione,
1464 570 1545 616 quia
1575 570 1611 604 in

198 633 316 675 strage
333 627 551 676 depingenda
566 626 695 663 fluendi
714 627 854 663 notione
872 638 990 663 carere
1009 638 1209 674 possumus3
1238 629 1297 664 sed
1314 640 1383 664 non
1401 629 1613 674 ineleganter

198 690 258 725 illo
285 689 389 724 verbo
415 690 597 723 ventorum
625 698 702 722 cum
730 686 873 723 flumine
900 688 1115 734 comparatio
1132 688 1337 723 illustratur.
1383 688 1486 724 Plura
1511 688 1612 723 huius

199 748 335 794 generis
362 747 417 782 hie
444 745 567 781 afferre
594 746 816 793 supersedeo,
843 758 886 782 ne
913 747 998 782 haec
1024 747 1195 793 expositio
1226 746 1318 782 ultra
1347 748 1497 794 popositi
1515 747 1611 792 fines,

198 818 264 852 quo
296 806 332 840 id
365 805 518 840 maxime
551 805 638 840 mihi
665 816 931 851 proposueram,
967 809 1006 840 ut
1038 805 1221 841 verborum
1258 806 1511 852 copulationem
1543 817 1611 841 non

198 865 302 901 etiam
331 864 583 899 sententiarum
610 864 852 910 repetitionem
880 867 1079 909 tractarem,
1106 864 1243 908 longius
1270 865 1486 900 extendatur.

296 923 364 959 Sed
390 923 445 958 his
472 922 606 958 duabus
637 923 741 958 rebus
774 924 810 958 in
843 923 1018 959 reddenda
1049 924 1199 969 ratione,
1232 927 1270 958 ut
1296 934 1377 959 voce
1402 923 1611 959 Lucretiana

196 986 287 1027 utar,
313 993 382 1016 non
409 981 644 1026 neglegendis,
672 982 866 1016 sententiae
894 982 1038 1017 utilitati
1065 986 1099 1017 et
1121 982 1286 1017 orationis
1305 983 1491 1027 venustati,
1520 993 1611 1017 acce·

196 1042 249 1078 dit
274 1042 379 1078 tertia
406 1044 440 1077 et
467 1040 590 1076 ultima
616 1051 726 1087 neque
754 1052 795 1077 ea
816 1052 922 1088 parvo
941 1041 976 1076 in
996 1043 1097 1088 poeta
1116 1041 1267 1088 pondere
1294 1044 1396 1087 atque
1424 1041 1611 1085 momento,

196 1112 362 1136 numerus
382 1112 556 1145 versuum,
584 1101 619 1135 in
639 1111 740 1145 quem
769 1101 995 1136 excolendum
1014 1104 1129 1146 poeta,
1156 1112 1223 1146 quo
1242 1100 1440 1145 diligentior
1467 1101 1544 1143 erit,
1572 1111 1611 1135 eo

196 1161 274 1207 plus
300 1160 456 1196 conferet
482 1158 587 1194 studii
616 1162 719 1205 atque
747 1170 882 1205 operae.
935 1158 1054 1205 Neque
1081 1159 1191 1194 solum
1220 1170 1307 1204 quae
1333 1159 1404 1194 sint
1421 1158 1526 1194 verba
1552 1159 1611 1194 sed

196 1220 300 1256 etiam
335 1230 402 1265 quo
435 1218 510 1254 loco
543 1219 656 1264 posita
687 1219 774 1263 sint,
804 1219 921 1262 magni
954 1219 1116 1263 interest,
1148 1218 1363 1263 multumque
1401 1218 1506 1254 efficit
1543 1230 1611 1254 non

195 1279 298 1314 modo
331 1282 490 1324 aptorum
521 1277 703 1313 verborum
739 1277 858 1313 electio
889 1278 949 1312 sed
983 1288 1086 1323 saepe
1117 1277 1192 1321 ipsa
1224 1288 1340 1312 eorum
1373 1278 1465 1313 intra
1491 1289 1611 1313 versus

194 1337 280 1374 fines
307 1336 499 1372 collocatio.
551 1336 646 1371 Haec
672 1344 786 1371 autem
815 1347 902 1381 quae
929 1336 1001 1371 dixi
1034 1336 1204 1381 quomodo
1232 1347 1307 1371 cum
1341 1347 1609 1383 synonymorum

196 1408 332 1443 quoque
357 1408 423 1431 usu
449 1395 673 1439 cohaereant,
706 1396 774 1430 iam
803 1395 978 1430 nonnullis
1006 1394 1175 1441 exemplis
1202 1406 1243 1430 ex
1271 1406 1389 1430 eorum
1417 1407 1505 1440 quae
1532 1406 1611 1442 pro-

194 1455 259 1491 tuli
285 1466 430 1490 numero
457 1455 575 1500 petitis
602 1465 784 1500 exponam.
838 1453 1099 1489 Meminerimus
1127 1464 1247 1489 versus
1274 1455 1343 1489 961
1368 1454 1448 1489 libri
1466 1454 1525 1499 ΙΙΙ,
1552 1455 1610 1490 ubi

195 1514 378 1550 Lucretius
405 1516 588 1559 postquam
615 1515 775 1548 naturam
807 1513 920 1559 ipsam
952 1513 1148 1559 loquentem
1181 1513 1336 1558 induxit,
1370 1513 1434 1548 hoc
1463 1513 1609 1549 iudicat:

193 1575 283 1617 iure,
310 1579 350 1607 ut
366 1574 505 1619 opinor,
533 1579 627 1619 ayat,
650 1574 726 1606 iure
745 1574 900 1618 increpet
916 1573 1112 1618 inciletque‚
1141 1572 1217 1616 quis
1236 1583 1303 1606 non
1323 1573 1428 1606 sentit
1446 1583 1608 1615 magnum

193 1632 280 1667 illud
306 1632 397 1678 quod
425 1631 460 1666 in
486 1630 601 1666 verbis
627 1630 799 1677 copulatis
831 1631 923 1666 inest
955 1630 1146 1666 sententiae
1179 1630 1312 1676 pondus
1343 1631 1447 1666 etiam
1479 1631 1610 1676 augeri,

194 1691 285 1735 quod
316 1701 357 1724 ea
386 1690 422 1724 in
453 1689 521 1724 fine
553 1700 672 1724 versus
705 1700 775 1723 una
805 1689 974 1723 collocata
1004 1689 1128 1723 fortius
1161 1689 1204 1724 ad
1236 1701 1336 1724 aures
1368 1690 1542 1733 accidunt,
1576 1693 1610 1725 et

193 1747 348 1786 clausula
365 1747 426 1784 illa
442 1758 511 1783 non
530 1747 640 1783 solum
660 1747 711 1783 rei
730 1750 811 1794 apte
837 1746 1068 1793 amplificatae
1095 1746 1291 1794 exemplum
1316 1747 1390 1782 dari
1418 1748 1477 1782 sed
1504 1748 1606 1783 etiam

192 1809 330 1843 numeri
356 1819 434 1843 cum
462 1807 619 1853 quaesita
645 1808 816 1851 gravitate
843 1806 1072 1843 conformati?
1118 1808 1231 1853 Atque
1258 1806 1313 1843 hic
1339 1807 1475 1853 quidem
1504 1809 1608 1843 etiam

193 1867 270 1902 soni
304 1865 494 1901 similitudo
524 1866 709 1900 verborum
748 1865 893 1910 ponderi
928 1877 1023 1899 suam
1060 1866 1249 1900 venustatis
1288 1869 1423 1912 partem
1462 1867 1606 1901 addidit.

191 1925 313 1972 Neque
339 1925 431 1961 enim
460 1924 591 1960 scilicet
617 1924 681 1960 hae
709 1928 779 1959 tres
805 1925 891 1960 artis
917 1928 951 1959 et
977 1923 1117 1960 effectus
1138 1924 1262 1971 poetici
1286 1928 1415 1971 partes,
1441 1925 1606 1970 gravitas,

192 1996 374 2029 numerus,
402 1988 563 2027 ornatus,
591 1984 777 2029 separatim
807 1995 944 2029 semper
970 1985 1228 2030 perspiciuntur
1254 1984 1314 2019 sed
1340 1995 1443 2030 saepe
1469 1985 1607 2029 conspi—

192 2048 271 2080 rant
296 2044 388 2080 inter
414 2054 451 2079 se
478 2046 513 2079 et
538 2041 723 2078 coniuncta
749 2042 866 2078 valent
891 2042 934 2077 ad
967 2043 1156 2090 perfectam
1189 2043 1355 2077 orationis
1386 2042 1606 2088 compositio-

193 2116 283 2139 nem.
334 2104 380 2139 Et
407 2103 499 2149 quod
527 2103 590 2138 hoc
617 2114 684 2137 uno
710 2102 784 2138 loco
811 2103 962 2148 ostendi,
997 2103 1033 2138 id
1065 2103 1142 2138 aliis
1169 2102 1338 2149 exemplis
1364 2101 1545 2148 probatum
1573 2105 1608 2137 et

194 2161 431 2197 confirmatum
463 2161 617 2205 videbis,
651 2162 679 2196 si
712 2163 867 2197 conferes
894 2173 1015 2196 versus
1042 2161 1151 2197 1559
1179 2163 1273 2207 quod
1295 2162 1463 2207 freyisset
1493 2162 1607 2196 adhuc

194 2222 394 2257 disturbans
420 2222 695 2268 dissoluensque,
723 2220 843 2257 11275
863 2218 951 2267 (tum
981 2217 1122 2266 corpus)
1143 2222 1403 2267 perspicuumst
1427 2220 1606 2255 nobisin-

192 2282 275 2315 vitis
305 2282 357 2314 ire
386 2283 553 2327 rapique,
585 2280 616 2314 V
643 2281 711 2315 716
746 2282 876 2315 labitur
915 2280 1123 2314 omnimodis
1163 2292 1347 2314 occursans
1386 2280 1606 2326 officiensque

194 2338 345 2385 exempli
372 2349 474 2374 causa
500 2339 639 2384 eleetos,
667 2349 685 2373 e
711 2339 835 2385 quibus
863 2340 1022 2384 apparet,
1051 2340 1217 2382 quantum
1245 2340 1348 2383 poeta
1371 2337 1440 2372 vim
1468 2340 1604 2373 senten-

194 2399 263 2433 tiae
289 2397 475 2443 amplificet
490 2399 605 2434 verbis
632 2398 735 2433 simul
762 2397 972 2443 significanti
999 2396 1073 2432 loco
1100 2396 1285 2432 collocatis.
1338 2397 1453 2443 Atque
1479 2397 1543 2434 hoc
1568 2398 1604 2434 in

194 2455 363 2504 exemplis
388 2456 534 2503 prolatis
558 2457 610 2492 ita
634 2456 764 2492 factum
791 2460 886 2501 erat,
918 2458 958 2491 ut
984 2455 1090 2490 verba
1115 2456 1358 2500 cognominata
1388 2455 1423 2490 in
1450 2456 1604 2493 clausula
