1835 2765
877 44 925 81 20

187 151 340 184 cernitur
366 162 407 183 ac
431 151 525 195 perit
551 151 624 184 eius
653 150 770 197 Playa
801 151 917 196 priore
951 151 1055 186 verbo
1087 154 1235 194 negante
1269 151 1377 187 altero
1409 163 1482 188 rem
1509 153 1602 189 affir-

187 211 320 251 mante,
364 207 406 242 cf.
439 207 452 242 I
483 205 614 255 165s66
652 222 714 244 nec
742 209 887 255 fructus
919 211 1011 245 idem
1042 210 1226 246 arboribus
1260 218 1417 246 constare
1455 212 1603 248 solerent

187 266 260 301 Sed
297 273 537 310 mutarentur;
577 269 752 303 contraria
791 280 846 304 res
887 275 936 303 est
969 270 1003 303 in
1036 280 1066 303 ν.
1087 268 1133 304 ΙΙΙ
1160 270 1230 305 996
1262 271 1466 316 imperium,
1508 273 1603 317 quod

183 327 321 360 inanest
345 338 408 361 nec
434 327 540 362 datur
566 340 745 374 umquam,
775 328 832 362 ubi
860 327 944 362 illud
970 330 1075 363 inane
1101 336 1150 364 est
1168 328 1280 364 verbis
1306 341 1369 364 nec
1395 330 1500 364 datur
1525 342 1601 364 um-

185 397 291 430 quam
323 384 529 421 declaratur.
582 386 636 421 Ex
670 385 758 421 libro
782 386 811 421 V
844 387 969 423 deinde
1009 386 1114 422 affero
1148 399 1196 423 vs.
1220 388 1293 423 524
1331 401 1397 435 quo
1436 390 1601 435 cuiusque

184 443 281 478 cibus
307 452 408 479 vocat
434 452 537 491 atque
562 447 688 480 invitat
714 447 842 489 euntia,
876 446 948 480 949
984 453 1015 481 et
1042 448 1176 492 partim
1206 448 1315 493 plano
1344 455 1473 483 acatere
1498 455 1601 494 atque

185 516 365 550 erumpere
391 516 513 550 campo
541 503 583 538 de
609 503 763 538 fontibus
790 503 932 547 dictum,
961 505 1002 538 cf.
1025 503 1068 539 VI
1096 505 1181 548 8963
1219 505 1321 551 paulo
1349 506 1449 542 aliter
1475 517 1512 542 se
1539 506 1599 541 ha-

186 561 268 596 bent
296 562 400 597 verba
428 573 546 596 versus
574 561 603 595 V
630 562 701 595 596
728 569 858 597 scatere
890 570 993 608 atque
1024 576 1204 610 erumpere
1236 565 1366 609 lumen,
1399 565 1455 601 ubi
1488 578 1601 601 erum-

183 634 271 668 pere
298 620 517 656 transitivam
545 619 648 655 habet
674 620 882 655 sententiam
901 644 948 648 —
967 621 1052 656 haec
1073 622 1163 656 enim
1184 622 1325 668 quidem
1344 624 1600 670 simplicissima

191 680 325 714 videtur
352 679 604 724 interpretandi
631 679 732 723 ratio,
761 679 804 714 ad
832 690 933 725 quam
960 679 1195 716 Wakefieldus
1221 682 1388 717 nonnulla
1414 687 1493 729 apte
1520 694 1600 718 con-

183 739 291 783 gessit
318 737 488 783 exempla.
519 757 565 761 —
593 737 739 773 Restant
766 750 807 773 ex
835 738 922 773 libro
951 738 995 773 VI
1022 750 1071 774 vs.
1092 740 1164 774 322
1194 742 1285 775 inter
1318 743 1409 776 enim
1424 742 1528 789 fuyit
1559 755 1600 776 ac

178 805 342 844 penetrat
362 810 430 844 per
456 810 544 832 rara
570 799 709 832 viarum
737 797 793 840 (cf.
814 797 858 832 IV
879 799 944 833 891
973 811 1040 845 per
1063 800 1243 845 patefacta
1268 802 1360 835 venit
1375 808 1600 847 penetratque

171 858 360 902 foramina
399 854 554 904 lar9u3);
595 868 674 891 nam
709 857 894 904 interfuyit
930 860 982 892 est
1021 858 1173 893 celeriter
1201 859 1415 906 perlabitur,
1457 860 1499 895 de
1532 871 1600 905 qua

183 916 453 962 praepositionis
486 918 577 951 inter
609 916 643 950 in
676 917 878 962 compositis
911 916 1162 960 significatione
1195 918 1294 963 plura
1320 919 1379 953 dat
1405 918 1527 954 Munro
1556 919 1597 953 ad

182 986 213 1009 v,
235 975 306 1009 716
334 974 414 1009 libri
433 974 496 1016 IV;
530 975 654 1008 deinde
683 987 712 1008 v.
734 976 803 1009 967
834 975 952 1018 (ignis)
981 977 1078 1010 coria
1105 983 1136 1010 et
1162 989 1301 1011 caruem
1327 978 1435 1012 trahit
1461 985 1491 1012 et
1517 990 1598 1012 con-

183 1035 280 1069 ducit
311 1036 351 1069 in
388 1046 512 1078 unum,
555 1044 605 1068 vs.
630 1030 785 1080 1119s20
816 1040 854 1069 ut
883 1034 1009 1069 nebula
1040 1048 1081 1069 ac
1111 1035 1216 1070 nubes
1246 1036 1421 1082 paulatim
1451 1038 1542 1083 repit
1569 1043 1600 1071 et

183 1106 281 1128 omne
309 1093 389 1137 Qua
421 1095 588 1140 qraditur
621 1093 803 1128 conturbat
834 1100 865 1128 et
896 1095 1079 1128 immutare
1111 1101 1246 1129 eoae-tat
1271 1094 1314 1129 cf.
1335 1094 1363 1128 V
1383 1095 1453 1130 828
1481 1097 1598 1130 omnia

182 1159 368 1187 commutat
393 1159 523 1187 natura
550 1161 580 1186 et
605 1159 735 1187 vertere
762 1153 870 1199 σοφίῃ·
904 1156 1086 1197 practerea
1118 1150 1271 1199 1022J23
1305 1154 1410 1188 simul
1435 1167 1457 1188 a
1473 1154 1598 1199 fronte

182 1220 230 1247 est
256 1212 364 1247 anelli
387 1213 507 1246 rarior
533 1213 593 1246 ae‘r
623 1211 749 1246 Factus
775 1213 998 1257 inanitusque
1033 1212 1128 1246 locus
1159 1214 1272 1259 maqia
1302 1226 1343 1248 ac
1369 1221 1535 1249 vacuatus
1564 1216 1598 1248 et

181 1276 282 1315 cogat
309 1282 432 1314 agmen
462 1281 580 1304 versus
600 1271 670 1305 836
698 1270 777 1304 libri
797 1269 840 1304 Vl
867 1271 923 1305 hic
949 1271 1010 1305 ubi
1034 1272 1156 1305 nixari
1178 1279 1354 1317 nequeunt
1369 1274 1596 1319 insistereque

180 1331 248 1365 alis
276 1330 337 1375 (sc.
367 1330 480 1374 aves),
508 1329 565 1364 ubi
593 1330 659 1364 alis
687 1340 754 1363 non
781 1328 919 1364 dativus
947 1332 1017 1373 est,
1051 1340 1152 1375 quem
1181 1328 1304 1364 Munro
1333 1330 1468 1366 videtur
1495 1331 1596 1366 intel-

180 1391 307 1435 legere,
336 1389 396 1425 sed
423 1389 595 1424 ablativus
622 1400 663 1424 ex
693 1392 837 1434 utroque
864 1388 1036 1423 infinitivo
1065 1389 1228 1434 pendens.
1270 1390 1453 1425 Nixantur
1479 1393 1595 1425 autem

180 1453 215 1485 et
240 1451 406 1484 insistunt
432 1459 531 1492 aves,
565 1459 641 1482 cum
674 1448 826 1494 pendent
852 1448 886 1482 in
916 1450 995 1482 aete
1022 1458 1084 1482 nec
1116 1448 1243 1483 cadunt
1276 1449 1311 1483 in
1345 1452 1493 1494 terram,
1533 1449 1596 1484 alis

180 1509 279 1554 quasi
307 1508 466 1544 libratae.
507 1507 590 1542 Item
612 1507 784 1551 Vergilius
813 1507 854 1542 de
873 1507 1045 1542 Mercurio
1073 1507 1156 1542 dicit
1183 1508 1217 1542 in
1238 1508 1410 1543 Aeneidos
1429 1507 1516 1543 libro
1536 1507 1595 1553 IV,

180 1580 209 1603 V.
232 1568 302 1603 252
328 1568 385 1602 lu'c
409 1569 563 1615 primum
585 1567 736 1614 paribus
762 1568 875 1601 nitens
902 1566 1078 1613 Cyllenius
1106 1567 1174 1601 alis
1203 1569 1362 1602 Constitit
1395 1571 1428 1602 et
1451 1566 1595 1602 Ovidius

179 1627 221 1662 de
240 1626 420 1662 Sirenibus
447 1626 483 1661 in
501 1625 583 1661 Met.
604 1625 632 1661 V
650 1626 722 1661 558
745 1638 851 1673 posse
877 1638 983 1672 super
999 1626 1129 1671 fluctus
1157 1626 1295 1661 alarum
1316 1628 1474 1662 insistere
1491 1628 1595 1661 remia

181 1686 351 1733 Optastis,
380 1696 525 1731 quorum
555 1684 739 1720 verborum
768 1685 942 1719 sententia
968 1687 1088 1730 aperta
1115 1688 1176 1719 est.

276 1744 355 1780 Jam
384 1744 428 1780 ad
453 1743 556 1780 finem
584 1743 687 1779 huius
715 1743 825 1790 partis
852 1743 1006 1790 perveni,
1034 1755 1100 1789 qua
1119 1742 1300 1779 verborum
1322 1754 1592 1791 synonymorum

178 1804 344 1848 rationes,
380 1807 548 1849 quantum
581 1803 616 1838 id
649 1803 736 1838 meis
764 1802 895 1838 viribus
921 1802 1085 1848 perficere
1125 1804 1241 1849 potui,
1280 1804 1365 1839 satis
1402 1803 1594 1838 illustrasse

178 1863 264 1899 mihi
292 1863 422 1899 videor.
468 1862 543 1905 Qua
569 1863 603 1897 in
631 1874 668 1897 re
695 1862 724 1897 si
752 1865 811 1897 aut
837 1862 871 1897 in
899 1862 984 1908 ipsis
1013 1862 1204 1898 rationibus
1232 1862 1446 1898 adumbratis
1474 1867 1533 1897 aut
1559 1862 1595 1897 in

177 1923 263 1959 locis
292 1922 447 1969 exempli
474 1934 579 1957 causa
606 1921 720 1957 allatis
747 1926 838 1966 sunt,
866 1933 952 1967 quae
979 1926 1038 1957 aut
1066 1922 1306 1958 desiderentur
1332 1926 1392 1958 aut
1418 1922 1518 1957 aliter
1543 1922 1595 1957 iu-

179 1983 351 2027 dicentur,
380 1992 448 2017 non
476 1981 682 2016 contendam
711 1991 787 2016 cum
815 1981 898 2016 viris
925 1981 1148 2027 doctioribus,
1176 1982 1234 2027 qui
1261 1982 1346 2017 haec
1373 1981 1508 2027 plenius
1535 1992 1594 2016 ex-

180 2042 382 2088 plicuissent
414 2044 448 2076 et
481 2041 596 2076 verius
628 2040 844 2084 statuissent3
886 2041 945 2076 sed
985 2041 1193 2077 concedetur
1231 2041 1378 2076 fortasse
1419 2038 1592 2075 difficilem

179 2112 253 2136 esse
280 2101 368 2136 hane
395 2112 486 2145 rem,
526 2100 562 2134 in
601 2111 669 2145 qua
707 2111 828 2135 sensus
862 2111 966 2145 saepe
998 2100 1077 2146 plus
1104 2111 1207 2145 quam
1234 2100 1323 2134 ratio
1350 2099 1464 2134 valeat
1491 2102 1525 2134 et
1551 2099 1593 2134 de

180 2160 295 2195 multis
321 2160 405 2195 locis
433 2159 527 2194 aliud
555 2158 699 2193 aliorum
729 2159 838 2204 possit
865 2170 940 2194 esse
967 2158 1144 2193 iudicium.
1185 2157 1304 2202 Neque
1330 2169 1386 2192 res
1405 2158 1507 2203 plane
1534 2158 1593 2193 ab·

180 2218 292 2253 soluta
325 2223 376 2254 est
414 2219 489 2266 ipso
524 2217 706 2254 verborum
746 2230 810 2253 usu
849 2217 1034 2252 illustrate.
1088 2216 1279 2251 Coniuncta
1312 2220 1364 2252 est
1395 2217 1486 2252 enim
1514 2227 1590 2252 cum

179 2278 232 2313 his
260 2279 448 2324 nominum,
476 2279 739 2323 adiectivorum,
767 2277 1009 2313 adverbiorum
1038 2276 1143 2321 ratio,
1176 2288 1265 2323 quae
1299 2275 1410 2311 adhuc
1436 2280 1592 2322 praeter-

180 2338 341 2371 miseram
369 2337 444 2372 ideo
473 2338 623 2372 maxime
650 2338 739 2382 quod
769 2338 852 2371 haec
879 2347 967 2381 quae
995 2336 1139 2381 exposui
1166 2335 1274 2370 multo
1301 2336 1413 2379 magis
1441 2336 1592 2371 eminent

179 2399 283 2442 atque
310 2399 431 2431 extant
458 2398 491 2432 in
520 2396 652 2442 verbis,
692 2401 729 2431 ut
768 2397 804 2431 in
834 2394 1044 2440 gravissima
1071 2394 1240 2430 enuntiati
1268 2397 1384 2440 parte,
1425 2405 1527 2440 quam
1553 2395 1590 2430 in

178 2456 232 2491 his
259 2455 450 2490 minoribus
477 2456 643 2491 orationis
683 2455 865 2499 membris,
906 2465 1054 2500 quorum
1087 2458 1202 2489 tamen
1230 2465 1329 2489 usum
1356 2453 1588 2490 abundantem
