1835 2765
857 57 932 103 ,83

202 153 303 190 huius
328 154 394 191 loci
421 154 525 191 verba
552 154 650 191 valde
676 156 839 192 infestata
865 167 939 192 esse
967 167 1033 192 non
1060 157 1192 201 ignoro.
1244 155 1487 192 Lachmannus
1513 155 1606 192 enim

201 214 237 250 in
262 214 410 251 lectione
436 214 592 252 codicum

1022 277 1138 310 omnia
1165 276 1305 321 quando

435 334 614 370 Paulatim
640 342 806 378 crescunt,
833 341 872 369 ut
894 347 965 381 par
991 341 1050 379 eat,
1078 335 1207 369 semino
1235 340 1336 377 certo,

437 393 695 441 crescentesque
718 384 827 441 'yeotus
854 401 991 429 servant

204 451 355 497 primum
382 451 417 486 in
444 452 513 487 illis
539 460 577 487 ut
596 466 669 500 par
695 460 744 488 est
768 444 970 497 offenderat,
997 452 1078 497 quia
1105 463 1172 487 non
1190 462 1255 498 par
1274 454 1364 486 esset
1382 452 1497 486 omnia
1514 454 1606 486 certo

204 509 334 545 semine
360 520 513 546 crescere
539 510 599 546 sed
625 512 739 546 omnia
765 511 933 558 paulatim
961 522 1114 547 crescere
1141 521 1229 556 quae
1255 510 1386 546 semine
1404 513 1495 545 certo
1516 521 1608 545 cres-

204 571 293 604 cant.
345 568 413 605 Sed
445 569 533 605 hanc
559 568 785 607 offensionem
808 571 1113 618 *interpunctionis
1144 570 1306 615 traditae,
1338 580 1441 615 quam
1470 568 1608 615 quidem

204 632 296 662 recte
331 628 404 663 sine
436 628 539 664 dubio
565 620 1098 675 Lachmannus''observaverat,
1129 629 1292 664 facillime
1319 628 1499 673 tollemus,
1532 639 1609 663 cum

204 689 373 722 commate
402 690 480 733 post
505 695 554 723 est
579 688 690 724 deleto
717 680 823 725 verba
848 697 886 725 ut
905 703 979 737 par
1004 697 1054 725 est
1078 691 1204 724 semine
1230 696 1319 724 certo
1347 688 1438 723 inter
1464 699 1501 723 se
1527 698 1608 722 con-

204 745 389 789 iungentur
406 746 456 781 ita
474 749 512 782 ut
529 746 718 783 infinit-ivus
738 738 885 784 cre-§cere
910 749 964 784 hic
982 748 1212 792 intellegatur.
1253 747 1350 789 Quod
1377 759 1458 782 vero
1486 747 1529 782 ad
1556 758 1610 781 so-

204 803 403 839 loecismum
435 804 530 840 illum
565 806 740 853 participii
761 796 1129 858 'crescentes-pertinet
1154 818 1222 841 non
1247 810 1370 842 neutro
1397 817 1522 850 genere
1548 816 1609 852 po-

205 862 263 898 siti
300 864 527 910 praecedente
565 868 687 901 neutro
721 854 1032 911 ombzz'a‘sgravius
1067 869 1118 901 est
1151 865 1214 901 hoc
1250 865 1462 901 contrarium
1497 875 1608 910 neque

204 933 345 969 prorsus
372 923 456 959 mihi
483 924 618 960 videtur
644 925 788 961 refutari
809 915 893 961 'illis'
910 925 1078 971 e'xemplis
1106 936 1191 970 quae
1218 925 1282 960 viri
1309 924 1400 959 docti
1427 924 1537 959 multa
1562 924 1608 959 si-

204 982 300 1018 milia
326 983 385 1019 sed
412 995 480 1019 non
507 984 609 1031 plane
643 985 741 1032 paria
773 997 790 1021 e
815 979 976 1034 Lucretio
1010 984 1228 1020 contulerunt
1260 982 1352 1030 (vide
1384 983 1531 1019 Pollium
1571 984 1607 1019 in

204 1042 292 1078 Phil.
312 1043 377 1078 vol.
398 1044 444 1079 26
471 1055 549 1090 pag.
570 1045 666 1089 297).
695 1044 791 1087 Quod
818 1045 887 1080 iam
914 1044 1138 1079 nihilominus
1157 1055 1267 1089 neque
1284 1055 1360 1079 cum
1380 1042 1605 1078 Laehmanno

205 1101 310 1137 verba
336 1113 456 1138 versus
483 1104 648 1139 mutanda
675 1115 786 1150 neque
813 1105 890 1139 cum
910 1091 1078 1151 Munrone
1105 1103 1276 1139 defectum
1296 1102 1516 1138 statuendum
1536 1114 1610 1138 esse

205 1161 364 1196 existimo
392 1162 451 1197 sed
478 1166 628 1209 poetam,
656 1165 713 1209 qui
741 1163 846 1198 simili
873 1151 946 1214 loco
973 1151 1005 1198 ΙΪ
1024 1160 1132 1209 70719
1160 1165 1277 1198 onmia
1304 1163 1444 1209 quando
1465 1182 1510 1185 —
1531 1175 1611 1197 con-

205 1233 342 1255 servare
364 1234 473 1268 yemcs
500 1224 685 1257 crescentia
708 1235 812 1269 posse
829 1223 983 1257 videmus
1001 1222 1265 1272 grammaticam
1284 1221 1453 1256 rationem
1473 1223 1610 1255 secutus

206 1282 269 1324 est,
296 1279 359 1315 hoc
385 1280 458 1315 loco
485 1281 586 1316 metri
613 1293 714 1316 causa
741 1293 817 1318 eam
843 1281 1037 1318 deseruiSSe
1063 1281 1189 1326 iudico,
1218 1281 1292 1316 sine
1319 1280 1422 1316 dubio
1450 1291 1518 1315 non
1537 1280 1611 1315 sine

206 1338 350 1373 audacia
375 1339 439 1375 hoc
465 1339 592 1375 factum
625 1345 690 1386 est,
724 1341 866 1377 ferenda
891 1331 1022 1377 tamen
1040 1340 1100 1376 illa
1131 1344 1233 1386 atque
1260 1340 1471 1385 ignoscenda
1496 1340 1613 1386 potius

205 1400 326 1444 poetae
354 1409 454 1444 quam
483 1400 723 1447 exprobranda
749 1404 783 1436 et
808 1400 1026 1451 corrigenda:
1066 1399 1225 1451 Ceterum
1245 1398 1423 1445 Marullus,
1452 1399 1510 1446 qui
1528 1399 1612 1435 item

206 1457 241 1491 in
267 1457 450 1505 partic-ipio
469 1458 622 1505 offendit,
649 1462 897 1507 crescendoque
915 1449 1059 1507 ⁴poetam
1080 1460 1260 1506 scripsisse
1287 1459 1481 1494 coniecerat
1500 1470 1611 1504 neque

207 1516 270 1551 hoc
296 1521 416 1553 contra
448 1522 570 1565 poetae
601 1530 732 1556 morem
765 1519 901 1555 dicendi
928 1508 1108 1565 repugnat.
1167 1518 1263 1561 Quod
1292 1519 1384 1554 enim
1412 1521 1515 1553 antea
1541 1519 1611 1553 iam

207 1578 473 1612 commemoravi
491 1578 695 1622 gerundium
714 1579 885 1614 interdum
901 1567 1076 1626 participii
1090 1578 1282 1624 praesentis
1298 1580 1415 1623 partes
1429 1577 1611 1621 locumque

207 1634 392 1682 suscipere,
419 1635 642 1672 inveniuntur
661 1637 744 1673 talia
762 1648 896 1684 quoque
915 1637 1086 1684 exempla,
1114 1640 1152 1672 ut
1169 1636 1374 1682 gerundium
1395 1635 1491 1671 verbi
1511 1646 1611 1682 prae-

207 1693 359 1730 cedentis
385 1696 570 1741 repetitum
599 1694 765 1743 ponatur,
798 1700 833 1733 et
859 1700 939 1743 apte
965 1686 1220 1743 comparaveris
1248 1707 1367 1731 versus
1394 1692 1550 1741 1180s81
1580 1697 1613 1730 si

208 1766 339 1789 cessare
358 1761 466 1802 putas
494 1768 610 1791 rerum
634 1758 832 1803 primordia
863 1769 965 1804 posse
990 1755 1228 1803 Ceeeandoque
1254 1753 1302 1801 (h.
1322 1766 1350 1789 c.
1371 1762 1402 1790 et
1428 1752 1612 1800 cessantia)

207 1826 313 1848 novos
343 1826 459 1849 rerum
485 1817 697 1862 proqiynere
728 1823 848 1851 motus.
908 1815 975 1851 Sed
1007 1815 1130 1851 hocin
1157 1818 1369 1850 transcursu.
1420 1812 1612 1848 Nonnullos

208 1874 340 1906 tantum
369 1883 410 1907 ex
430 1871 552 1910 ovidio
580 1873 671 1909 locos
699 1873 853 1918 afferam,
880 1874 915 1909 in
942 1873 1065 1920 quibus
1092 1872 1268 1920 participii
1295 1871 1487 1918 praesentis
1514 1882 1612 1917 repe-

207 1931 263 1966 titi
281 1931 333 1967 vis
351 1931 522 1968 rhetorica
541 1933 650 1978 magis
670 1945 770 1980 quam
791 1933 882 1981 apud
900 1932 1098 1969 Lucretium
1120 1932 1340 1979 perspicitur:
1374 1930 1454 1967 Met.
1476 1930 1522 1966 VI
1541 1931 1612 1967 234

198 1991 311 2037 frena
340 1992 467 2027 dabat:
507 1994 650 2029 dantem
674 1992 721 2039 (h.
749 2005 778 2029 e.
810 2001 935 2037 tamen}
953 1991 1043 2039 eum)
1074 2006 1144 2028 non
1173 1992 1330 2028 evitabile
1360 1992 1463 2026 telum
1489 1990 1613 2025 Conse-

210 2052 345 2098 quitur,
375 2050 441 2086 XII
465 2049 598 2099 342s43
624 2051 777 2100 (saxum)
803 2056 935 2089 mittere
961 2060 1116 2088 conatur.
1166 2053 1356 2087 Mittentem
1382 2073 1429 2077 —
1458 2050 1615 2097 Occupat

211 2111 371 2157 Aeyides,
399 2110 464 2146 XV
485 2112 553 2147 143
580 2120 609 2148 et
636 2115 801 2159 quoniam
827 2114 909 2148 deus
925 2113 999 2148 ''ora
1025 2120 1151 2156 movet,
1186 2124 1313 2158 sequar
1339 2123 1402 2145 ora
1427 2117 1616 2145 moventem

211 2171 292 2205 Rite
317 2171 427 2205 deum.

309 2228 381 2264 Iam
406 2229 526 2266 relicto
553 2230 618 2267 hoc
649 2243 772 2277 genere
800 2234 906 2268 restat
933 2234 970 2267 ut
994 2230 1148 2266 locorum
1177 2229 1308 2275 aliquot
1334 2228 1545 2263 mentionem
1565 2227 1617 2263 fa-

211 2289 311 2333 ciam,
338 2288 398 2324 ubi
425 2290 599 2337 participii
626 2291 846 2338 pleonasmus
873 2302 940 2326 non
967 2289 1184 2336 repetitionis
1210 2288 1271 2324 illa
1300 2299 1406 2323 causa
1432 2291 1617 2322 excusatur

212 2347 272 2383 sed
299 2347 358 2384 ubi
385 2359 404 2384 e
429 2351 502 2386 toto
528 2351 711 2388 verborum
744 2363 876 2388 conexu
903 2352 1041 2398 practer
1067 2348 1258 2385 sententiae
1285 2348 1528 2384 necessitatem
1558 2346 1617 2382 ad-

211 2412 321 2449 ditum
355 2414 541 2450 invenitur.
608 2413 681 2455 Qua
712 2413 748 2448 in
775 2424 812 2448 re
845 2412 980 2446 initium
1013 2410 1127 2445 facere
1158 2409 1243 2444 mihi
1275 2409 1378 2444 liceat
1410 2420 1430 2443 a
1463 2408 1616 2443 versibus

213 2473 260 2509 IV
287 2474 332 2509 88
345 2474 431 2510 —92
460 2474 517 2509 ubi
542 2472 724 2508 Lucretius
752 2472 902 2516 odorem,
928 2470 1075 2515 fumum,
1102 2479 1277 2516 vaporem,
1312 2468 1398 2504 alias
1425 2478 1480 2502 res
1507 2467 1617 2502 consi-
