1835 2765
884 78 933 113 64

202 177 304 219 atque
343 173 447 209 etiam
488 172 621 209 solutae
654 173 821 209 orationis
855 168 1041 221 scriptores
1075 174 1232 211 videmus
1265 172 1393 209 similia
1425 174 1491 210 sibi
1529 185 1610 211 con-

200 233 345 266 cessisse
372 232 413 266 cf.
437 231 535 267 Caes.
564 232 596 268 b.
623 231 713 267 Gall.
741 232 766 267 Ι.
788 234 825 277 4,
851 237 866 268 1
896 235 1099 268 damnatum
1122 246 1272 281 poenam
1297 234 1397 279 sequi
1421 234 1609 279 oportebat,

199 298 238 327 ut
262 293 340 339 aym·
364 299 576 328 cremaretur
602 295 636 328 et
662 291 757 328 Suet.
777 291 885 337 Calig.
906 292 949 328 27
969 291 1027 328 fin.
1050 300 1191 341 poetam
1213 294 1291 340 ἐφη·
1306 294 1479 328 cremavit.
1523 291 1608 328 Item

198 351 235 386 in
261 351 377 387 verbis
403 363 454 386 vs.
482 351 528 386 IV
552 353 644 387 1042
670 353 762 387 unde
787 354 915 388 icimur
939 354 1008 388 ictu
1031 352 1116 388 illud
1135 355 1205 389 ictu
1222 352 1340 388 deesse
1359 355 1506 398 poterat,
1531 363 1609 388 cum

200 410 251 445 vis
284 409 358 445 eius
390 410 495 446 verbo
527 411 603 457 ipso
631 410 844 456 significetur
871 415 908 447 ut
935 411 1095 448 similiter
1120 411 1166 448 VI
1195 412 1265 449 339
1291 412 1456 447 discutiat
1475 412 1608 459 playis.

200 468 267 504 Sed
297 470 412 515 priore
438 469 513 505 loco
541 469 806 506 alliterationem
834 474 972 517 poetam
1000 471 1140 508 duxisse
1168 472 1239 507 veri
1267 470 1378 507 simile
1404 473 1473 515 est,
1506 481 1607 516 quam

201 528 346 563 eandem
380 529 414 563 in
448 540 548 563 versu
580 528 609 563 II
637 530 704 564 301
735 537 766 564 et
791 537 892 564 erunt
917 537 948 564 et
973 538 1122 565 crescent
1145 533 1248 578 vique
1273 531 1432 566 valebunt
1458 529 1550 563 vocis
1575 531 1613 563 vi

199 587 305 623 verbo
331 588 493 623 valebunt
518 587 696 633 appositae
723 597 862 622 causam
890 588 996 623 fuisse
1023 592 1179 635 apparet.
1231 589 1320 624 Nam
1347 588 1517 624 sententia
1535 588 1610 634 qui-

200 647 278 683 dem
311 646 394 682 illud
427 648 464 682 vi
492 657 560 681 non
592 646 702 692 magis
734 646 930 694 postulatur
963 659 1064 694 quam
1092 648 1127 683 in
1155 660 1186 683 v.
1215 648 1262 684 ΙΙΙ
1289 649 1357 685 781
1386 661 1494 696 neque
1518 650 1608 684 inter

200 720 236 741 se
271 707 477 741 contendant
506 706 640 741 viribus
672 707 781 741 hilum
815 706 966 741 ablativo
996 707 1130 742 viribus
1161 718 1247 754 opus
1280 719 1354 743 esse
1384 708 1520 743 videtur
1551 709 1611 743 aut

201 764 247 800 III
274 766 344 800 264
377 766 491 812 spatio
515 765 600 810 fiem'
631 766 746 800 divisa
774 772 928 812 potestas
960 766 1073 812 spatio
1104 766 1231 801 omisso
1258 767 1450 801 sententiae
1475 765 1610 813 perspi-

199 824 309 859 cuitas
336 823 550 859 obscuratur.
602 823 723 870 Neque
750 823 932 869 negabitur
951 825 1055 860 etiam
1073 825 1110 860 iu
1129 837 1160 860 v.
1180 824 1209 860 V
1231 825 1325 861 1315
1344 825 1477 871 (equos)
1490 826 1610 871 frenis

200 890 393 919 convertere
418 885 456 918 in
482 883 593 918 hostes
611 883 835 919 instrumenti
854 883 1105 928 significatione
1122 884 1222 920 facile
1241 883 1470 929 intellegenda
1493 895 1611 922 carere

199 953 262 977 nos
289 952 390 989 posse
417 945 452 977 et
478 941 514 977 in
542 953 592 977 vs.
621 941 668 978 VI
689 943 756 978 751
788 945 822 978 et
848 943 917 978 821
942 954 1133 989 pennarum
1153 954 1277 979 nomen
1295 943 1379 979 satis
1398 954 1472 979 esse
1492 954 1611 989 super-

199 1012 402 1046 vacaneum,
430 1012 507 1036 cum
535 1012 616 1037 aves
643 1002 766 1048 pennis
794 1013 855 1048 per
882 1013 983 1037 auras
1009 1003 1091 1037 ferri
1120 1013 1181 1048 per
1205 1014 1241 1038 se
1260 1003 1403 1048 quisque
1420 1002 1609 1047 intellegat.

199 1061 283 1096 Item
311 1061 347 1096 in
374 1072 425 1096 vs.
454 1060 483 1095 V
510 1061 580 1096 907
608 1061 717 1095 multa
744 1080 789 1084 —-
817 1061 895 1096 licet
921 1080 961 1085 —
993 1061 1126 1106 effutiat
1153 1079 1196 1084 —-
1226 1074 1299 1105 ore,
1330 1061 1423 1096 1377
1456 1062 1610 1107 liquidas

199 1122 318 1155 avium
349 1132 447 1155 voces
477 1121 650 1154 imitarier
680 1131 755 1162 ore,
792 1118 805 1153 I
831 1115 940 1165 39J4O
976 1121 1093 1154 suavis
1125 1132 1166 1154 ex
1201 1132 1259 1154 ore
1292 1119 1460 1166 loquellas
1486 1119 1611 1155 Funde

199 1178 452 1224 significatione
484 1178 552 1213 oris
586 1188 672 1224 opus
703 1188 771 1212 non
804 1180 893 1221 erat;
931 1177 974 1213 cf.
1008 1177 1110 1223 Verg.
1143 1177 1230 1213 Aen.
1264 1177 1294 1213 V
1317 1179 1389 1214 842
1415 1178 1612 1225 funditque

201 1239 264 1274 kae
291 1251 349 1273 ore
375 1238 529 1284 loquelae
555 1240 589 1272 et
613 1250 763 1284 pausam
790 1249 848 1271 ore
863 1237 988 1282 facere
1014 1237 1104 1282 apud
1131 1236 1281 1271 Ennium
1311 1237 1359 1281 (in
1388 1237 1513 1272 Annal.
1535 1236 1609 1272 rell.

200 1309 233 1332 v.
262 1297 348 1342 572)
382 1300 415 1331 et
445 1295 615 1331 Lucilium
650 1296 695 1340 (v,
727 1297 770 1331 16
801 1309 952 1343 pausam
974 1296 1073 1343 facit
1098 1309 1155 1331 ore
1182 1297 1369 1343 loquendi).
1422 1295 1549 1332 Contra
1575 1296 1609 1332 in

202 1368 235 1391 V.
265 1356 293 1390 V
316 1356 409 1391 1126
434 1368 552 1404 reyere
580 1357 728 1403 imperio
760 1368 815 1391 res
841 1356 925 1391 velle
952 1363 982 1391 et
1006 1369 1115 1402 reqna
1142 1363 1253 1391 tenere
1280 1367 1487 1402 quamquam
1516 1354 1610 1391 abla-

201 1415 292 1451 tivus
325 1426 392 1450 non
426 1414 637 1462 postulatur,
671 1417 786 1450 tamen
821 1414 947 1450 summi
975 1415 1112 1462 imperii
1139 1415 1233 1451 notio
1261 1415 1400 1460 gravius
1427 1418 1461 1450 et
1487 1415 1610 1450 iustius

202 1475 256 1511 hic
287 1475 370 1510 mihi
403 1474 538 1510 videtur
569 1474 756 1520 significari
789 1486 890 1520 quam
923 1474 1014 1521 apud
1050 1474 1178 1519 Vergil.
1213 1475 1248 1510 in
1280 1474 1368 1510 Aen.
1404 1474 1449 1509 VI
1477 1475 1545 1510 851
1574 1481 1611 1510 tu

199 1546 317 1581 reqere
345 1535 492 1581 imperio
513 1535 667 1582 populos
697 1534 854 1569 Romane
884 1541 1060 1569 memento.
1120 1533 1298 1569 Postremo
1326 1533 1410 1568 duos
1436 1532 1529 1569 locos
1557 1532 1611 1569 hic

199 1592 321 1638 affero,
354 1593 412 1629 ubi
442 1592 685 1629 Lachmannus
717 1592 871 1629 codicum
909 1592 1092 1629 lectionem
1124 1592 1251 1628 iniuria
1283 1592 1367 1628 mihi
1395 1592 1532 1630 videtur
1556 1592 1610 1629 in-

198 1653 401 1696 festavisse3
435 1653 531 1699 prior
565 1656 661 1688 extat
690 1653 726 1688 in
759 1665 790 1688 v.
820 1653 891 1688 740
920 1652 1000 1688 libri
1028 1651 1085 1697 VI,
1118 1652 1176 1697 qui
1207 1652 1241 1687 in
1269 1652 1442 1687 codicibus
1470 1653 1518 1687 sic
1544 1652 1609 1689 cir-

199 1711 411 1747 cumfertur:
436 1713 616 1760 principio
648 1713 743 1759 quod
767 1713 911 1747 Averna
936 1718 1103 1747 vocantur
1128 1703 1276 1756 nomine,
1304 1712 1344 1747 id
1368 1711 1410 1747 ab
1437 1724 1475 1747 re
1499 1711 1609 1759 Inpo-

195 1774 340 1807 situmst.
388 1770 497 1807 Poeta
523 1772 606 1818 quin
631 1771 693 1806 illa
719 1771 835 1815 verba,
863 1782 950 1817 quae
969 1777 1110 1807 'comma
1138 1770 1370 1817 praecedunt,
1397 1771 1472 1807 sine
1503 1770 1610 1806 offen—

199 1831 295 1866 sione
328 1830 377 1865 sic
411 1833 449 1865 ut
479 1829 607 1865 tradita
639 1832 721 1865 sunt
747 1830 953 1875 coniungere
980 1829 1141 1876 potuerit,
1168 1829 1250 1865 licet
1275 1829 1446 1865 ablativus
1472 1831 1610 1865 nomine

199 1889 367 1934 abundet,
399 1900 467 1924 non
504 1889 645 1924 dubium
674 1900 748 1924 esse
775 1891 889 1935 potest
916 1893 950 1925 et
974 1889 1135 1925 Enniano
1160 1888 1220 1925 illo
1248 1887 1376 1936 (navis)
1404 1902 1493 1937 quae
1517 1902 1610 1926 nunc

198 1951 402 1985 nominatur
427 1950 567 1983 nomine
594 1950 689 1995 Arqo
718 1948 765 1991 (in
793 1947 894 1994 Trag.
921 1948 996 1984 rell.
1024 1960 1055 1983 v.
1078 1949 1162 1991 283)
1190 1948 1224 1983 id
1251 1947 1420 1993 firmatur,
1447 1946 1608 1994 (quocum

198 2018 378 2055 compares
403 2007 496 2054 apud
514 2006 713 2042 Lucretium
733 2007 875 2043 Curetas
897 2009 1035 2043 nomine
1062 2006 1153 2044 Grai
1170 2007 1265 2052 Quos
1281 2014 1474 2043 memorant
1490 2007 1608 2054 Phry-

195 2070 274 2115 ρίου
305 2066 352 2112 (ΙΙ
379 2064 528 2113 629s30)
561 2069 595 2101 et
628 2066 712 2101 illud
744 2066 858 2113 ὄνομα
891 2068 923 2102 δ’
942 2065 1141 2113 ὠνομάζετο
1156 2066 1299 2108 ”Ελενος
1324 2067 1361 2102 in
1388 2066 1493 2113 Soph.
1520 2065 1608 2102 Phil.

199 2124 323 2173 605l6)
355 2126 382 2161 si
416 2136 502 2171 opus
537 2127 589 2160 est
614 2124 850 2169 firmament03
883 2125 943 2161 sed
975 2125 1038 2161 hoc
1063 2125 1138 2161 loco
1165 2124 1336 2161 ablativus
1364 2124 1543 2173 appositus
1569 2135 1609 2161 eo

199 2186 309 2231 magis
336 2188 538 2231 excusatur,
565 2184 655 2231 quod
683 2185 732 2221 sic
758 2185 947 2221 fulciuntur
974 2197 1013 2221 ea
1040 2196 1128 2232 quae
1154 2187 1346 2232 sequuntur
1370 2183 1476 2221 verba
1502 2194 1609 2221 enun—

201 2245 355 2280 tiationis
371 2244 675 2280 demonstrativae.
703 2244 800 2287 Quod
820 2256 900 2280 vero
915 2248 1018 2291 poeta
1034 2245 1083 2279 sic
1101 2245 1250 2280 scribere
1268 2244 1392 2279 maluit
1405 2254 1507 2290 quam
1522 2254 1609 2289 quae

202 2303 412 2350 simpliciora
443 2307 538 2339 sunt:
571 2316 694 2339 nomen
723 2305 763 2339 id
794 2304 836 2339 ab
869 2316 906 2339 re
935 2305 1174 2350 inpoeitumst,
1207 2302 1272 2338 hoc
1302 2312 1384 2338 sane
1416 2301 1509 2337 illius
1535 2304 1610 2339 erat

201 2361 349 2408 arbitrii,
375 2363 473 2399 nobis
500 2363 586 2399 talia
612 2363 781 2399 servanda
809 2363 925 2410 potius
944 2365 1025 2397 sunt
1044 2373 1145 2409 quam
1165 2361 1368 2406 corrigendo
1386 2360 1541 2398 delenda.
1560 2385 1609 2391 -

201 2420 301 2456 Alter
334 2421 427 2457 locus
462 2425 558 2458 extat
587 2422 622 2457 in
655 2434 686 2457 v.
715 2422 743 2457 V
767 2422 852 2467 349,
883 2421 942 2456 ubi
970 2422 998 2456 si
1024 2420 1284 2456 Lachmannum
1313 2432 1533 2467 sequeremur
1559 2421 1608 2461 lo-

200 2483 338 2526 gentes:
370 2481 499 2517 morbis
532 2484 762 2530 aeyreecimus
794 2482 886 2517 idem
918 2480 1034 2528 Atque
1065 2483 1170 2527 etqs.‚
1201 2479 1285 2515 illud
1316 2481 1447 2517 morbis
1477 2480 1609 2520 scilicet
