1835 2765
879 30 898 63 7

152 118 157 121 ’
183 126 304 161 liorem
331 126 501 162 obtineret
525 126 649 170 locum,
676 126 869 172 postposito
895 125 996 161 facile
1022 137 1209 161 careamus.
1253 126 1320 161 Sed
1343 125 1479 161 videtur
1503 125 1587 160 illud

183 184 327 232 ὑστέρου
352 188 540 232 προτέρου,
567 184 657 230 quod
683 184 826 229 dicitur,
853 185 1048 230 exemplum
1075 184 1312 229 manifestum,
1340 195 1426 230 quae
1452 183 1588 219 dicendi

184 244 294 289 figura
319 245 387 280 iam
415 245 458 280 ab
476 244 618 279 Homeri
643 243 857 289 temporibus
875 242 1016 278 Graecis
1042 246 1077 279 et
1093 242 1227 278 Latinis
1254 248 1335 279 nota
1351 242 1406 290 (cf.
1426 242 1586 279 Eustath.

184 314 217 349 p.
243 300 350 350 97s98
383 303 514 338 Ameis.
542 302 585 337 ad
611 301 736 348 Odyss.
763 302 786 337 δ
809 302 881 336 476
909 305 943 336 et
968 301 1143 336 Ciceronis
1175 302 1280 336 verba
1310 302 1346 336 in
1372 302 1519 347 epistola
1545 302 1588 336 ad

183 362 337 398 Atticum
372 363 416 397 16
454 361 533 396 libri
563 360 579 396 I
615 361 827 408 respondebo
865 360 930 396 tibi
971 360 1114 407 ὕστερον
1157 361 1339 406 πρότερον,
1380 358 1588 407 Ὁμηρικῶς)

185 421 261 455 aliis
294 431 428 466 quoque
454 419 622 464 exemplis
649 418 864 454 Lucretianis
891 419 1072 464 probatur;
1105 419 1183 454 vide
1210 419 1257 454 ΙΙΙ
1283 419 1355 454 526
1380 421 1418 454 in
1440 420 1587 466 pedibus

178 481 335 526 primum
360 479 488 525 diqitoe
514 478 671 512 livescere
696 485 727 512 et
750 479 888 524 unquis,
917 477 962 512 IV
984 478 1052 513 104
1069 479 1211 513 assiduo
1230 478 1417 523 crebroque
1432 479 1586 524 repulsu,

185 537 230 572 111
256 538 326 573 557
358 538 473 572 valent
508 539 648 584 vitaque
667 537 843 583 fruuntur
872 536 914 572 cf.
944 536 972 571 V
999 538 1069 573 958
1103 544 1223 585 sponte
1253 550 1318 572 sua
1348 536 1417 572 sibi
1445 538 1589 583 quisque

184 596 298 631 valere
322 603 354 630 et
377 598 489 631 vivere
514 597 648 639 doetus,
676 596 723 630 III
751 597 820 631 795
846 598 974 631 durare
998 598 1165 643 qenique,
1196 596 1240 630 VI
1265 597 1336 632 527
1365 603 1475 631 cetera
1501 608 1590 642 quae

185 667 337 690 seorsum
362 661 516 689 crescunt
540 667 759 701 seorsumque
776 662 947 698 creantur,
974 654 1119 689 fortasse
1137 656 1239 690 etiam
1260 654 1305 689 IV
1328 655 1421 690 1032
1439 667 1590 701 namque

185 715 275 749 alias
305 714 405 749 aliud
433 726 487 748 ree
521 720 705 748 commovet
734 720 837 760 atque
867 714 1021 755 lac-eoem
1060 724 1139 747 nam
1172 714 1308 748 lacessit
1340 717 1392 748 est
1425 714 1591 748 sollicitat

185 771 231 817 (v.
256 770 376 817 1030),
401 772 548 806 irritatio
576 774 690 806 autem
717 775 846 806 motum
874 771 1059 816 praecedit.
1104 771 1221 816 Neque
1246 772 1302 807 hic
1325 784 1406 807 usus
1426 784 1446 807 a
1464 783 1589 818 prosae

185 831 392 877 scriptorum
431 829 620 865 elocutione
658 829 837 873 abhorret3
876 829 918 865 cf.
945 828 1041 865 Caes.
1070 829 1101 864 b.
1129 830 1193 864 civ.
1221 829 1278 865 111.
1315 832 1345 875 1,
1379 832 1400 865 3
1439 832 1503 866 hoc
1542 832 1590 866 ad

185 892 340 926 timorem
367 908 410 912 —
438 889 625 925 tollendum
648 890 939 935 ‘minuendumque
965 909 1010 913 —
1038 902 1107 924 esse
1132 891 1350 936 aptissimum
1367 892 1586 934 existimavit,

185 948 292 983 Cicer.
320 960 369 983 or.
400 948 436 983 in
463 947 563 983 Catil.
591 947 647 982 IV.
684 948 738 991 10,
768 949 811 983 21
848 948 1030 983 Hannibal
1065 950 1102 982 in
1136 948 1300 993 Africam
1335 950 1449 983 redire
1486 956 1589 995 atque

185 1008 293 1043 Italia
324 1008 482 1043 decedere
512 1014 648 1042 coactus
678 1013 728 1041 eet
756 1010 791 1041 et
820 1006 923 1052 paulo
957 1009 1059 1041 antea
1092 1017 1165 1052 par.
1185 1007 1232 1041 20
1257 1019 1309 1041 me
1334 1020 1487 1042 meorum
1501 1008 1587 1055 fac-

184 1073 298 1101 torum
322 1073 425 1112 atque
450 1066 674 1101 consiliorum
698 1077 888 1111 numquam
908 1066 1109 1111 paenitebit.
1135 1088 1184 1092 —

284 1123 350 1159 Sed
382 1134 460 1159 cum
486 1124 540 1159 his
565 1124 660 1166 locis,
688 1123 746 1158 ubi
772 1126 874 1169 poeta
899 1123 989 1158 idem
1018 1123 1150 1158 duobus
1177 1123 1290 1158 verbis
1317 1123 1369 1159 bis
1396 1123 1589 1168 significare

184 1182 306 1218 maluit
331 1194 432 1228 quam
460 1182 661 1228 simpliciter
689 1193 761 1217 rem
790 1180 928 1226 efferre,
963 1182 1095 1217 sonitus
1123 1182 1382 1217 similitudinem
1411 1182 1523 1228 primo
1550 1194 1589 1218 ac

184 1241 363 1287 potissimo
395 1241 468 1276 loco
494 1240 750 1285 collocaverim,
789 1244 905 1276 tamen
933 1241 1090 1286 quamvis
1118 1244 1218 1287 poeta
1244 1240 1427 1276 indulserit
1453 1242 1588 1276 aurium

185 1300 403 1336 oblectationi
429 1300 459 1335 is
484 1300 593 1335 videri
620 1299 710 1344 nolo,
739 1299 796 1345 qui
822 1299 918 1335 illum
948 1303 1091 1335 ornatus
1118 1300 1218 1335 unius
1244 1301 1356 1345 gratia
1372 1300 1456 1336 haec
1474 1302 1589 1336 omnia

185 1359 341 1405 posuisse
372 1362 500 1404 putem.
551 1358 624 1393 Hoc
658 1358 747 1393 enim
782 1358 867 1393 levis
899 1362 991 1394 esset
1016 1359 1133 1394 iudicii
1160 1360 1195 1394 in
1222 1364 1322 1405 poeta
1348 1363 1449 1405 aptae
1476 1359 1589 1395 elocu-

185 1417 288 1453 tionis
315 1417 467 1452 studioso
494 1427 534 1453 ac
559 1416 726 1461 diligenti,
754 1427 853 1462 quem
881 1428 949 1452 non
975 1417 1086 1452 solum
1114 1419 1282 1453 orationis
1309 1419 1501 1454 venustatis
1529 1419 1587 1454 sed

186 1478 288 1512 etiam
324 1477 513 1512 sententiae
546 1476 705 1511 utilitatis
738 1476 904 1511 rationem
933 1476 1093 1512 habuisse
1120 1481 1242 1523 putare
1268 1477 1321 1512 fas
1347 1481 1409 1513 est.
1462 1477 1588 1520 Quam-

186 1546 287 1581 quam
326 1535 361 1570 in
401 1546 440 1570 ea
479 1545 612 1580 quoque
643 1545 681 1569 re
711 1535 802 1569 cauti
832 1534 948 1569 iudicii
974 1534 1059 1570 fines
1085 1546 1128 1571 ne
1154 1539 1371 1571 transeamus
1398 1536 1586 1571 cavendum

186 1598 249 1640 est,
279 1606 376 1639 neve,
403 1598 440 1629 ut
466 1593 509 1629 ab
534 1593 628 1629 inani
654 1593 836 1629 verborum
862 1593 1092 1630 cumulatione
1118 1595 1323 1641 scriptorem
1350 1595 1585 1641 defendamus,

185 1654 282 1688 illum
310 1653 362 1688 bis
388 1653 480 1688 idem
506 1653 649 1688 dicendo
676 1652 812 1697 ubique,
839 1653 907 1687 alio
934 1656 1034 1697 atque
1060 1653 1127 1687 alio
1152 1654 1255 1688 verbo
1275 1655 1397 1699 posito,
1425 1656 1585 1700 propriae

186 1712 375 1747 sententiae
402 1711 471 1746 vim
497 1711 595 1756 quasi
621 1710 798 1756 duplicare
824 1710 995 1746 studuisse
1021 1711 1210 1757 opinemur.
1256 1711 1329 1747 Hoc
1347 1712 1484 1757 quidem
1503 1722 1583 1747 con-

186 1770 373 1806 cedendum
401 1774 464 1815 est,
490 1770 628 1815 linguae
645 1770 789 1805 Latinae
815 1771 1001 1816 scriptores
1027 1781 1128 1817 saepe
1154 1770 1336 1806 verborum
1363 1772 1582 1816 cognomina·

185 1832 298 1864 torum
330 1828 546 1874 copulatione
575 1829 751 1863 fortiorem
779 1830 985 1864 sententiam
1012 1829 1145 1864 efficere
1172 1834 1205 1865 et
1231 1830 1299 1864 vim
1328 1830 1422 1865 verbi
1448 1842 1583 1875 augere,

186 1887 243 1924 ubi
270 1898 345 1933 nos,
371 1887 493 1933 quibus
517 1887 621 1923 talem
644 1887 797 1923 eiusdem
819 1887 970 1924 notionis
994 1888 1231 1935 repetitionem
1255 1889 1383 1924 imitari
1402 1889 1581 1925 molestum

188 1959 227 1983 ac
251 1947 414 1991 frigidum
440 1946 631 1990 videretur,
659 1946 735 1982 aliis
761 1958 834 1982 rem
861 1948 1091 1992 exaggerandi
1118 1948 1262 1993 artibus,
1288 1948 1438 1984 maxime
1463 1948 1584 1984 adver-

188 2007 252 2042 biis
279 2005 461 2052 appositis,
488 2006 537 2040 uti
565 2004 712 2040 solemus
738 2007 840 2050 atque
865 2006 1037 2041 interdum
1064 2007 1140 2052 ipso
1166 2007 1259 2042 vocis
1286 2017 1367 2041 sono
1393 2008 1584 2043 sententiae

187 2066 256 2101 vim
282 2065 483 2101 indicamus.
529 2063 600 2099 Nec
626 2062 763 2099 difficile
789 2067 852 2109 est,
880 2075 923 2099 ex
948 2065 999 2101 eis
1025 2065 1111 2111 ipsis
1139 2077 1225 2111 quae
1251 2076 1269 2101 e
1295 2065 1454 2100 Lucretio
1482 2067 1584 2102 attuli

187 2124 355 2170 exemplis
380 2124 535 2159 invenire
560 2134 645 2169 quae
671 2122 774 2157 talem
799 2122 967 2158 rationem
994 2123 1184 2160 luculenter
1207 2124 1401 2159 ostendunt.
1441 2125 1498 2161 An
1516 2137 1585 2161 non

187 2184 224 2218 in
250 2194 352 2218 versu
377 2182 423 2217 111
445 2183 512 2217 961
542 2184 618 2217 iure
642 2189 680 2217 ut
705 2183 830 2229 opinor
854 2188 947 2228 ayat,
974 2184 1050 2217 iure
1075 2185 1226 2229 increpet
1250 2183 1435 2229 incitetque
1460 2186 1499 2218 ut
1521 2185 1585 2220 ite-

187 2242 320 2277 ratione
346 2241 438 2276 vocis
462 2243 539 2276 iure
564 2245 685 2286 poetae
709 2241 835 2275 iustam
857 2240 1128 2283 indignationem
1152 2242 1200 2276 sic
1218 2240 1346 2286 duplici
1366 2242 1585 2288 vituperandi

188 2300 291 2336 verbo
329 2299 566 2335 vehementem
602 2303 747 2335 naturae
785 2298 939 2334 ardorem
979 2302 1013 2334 et
1052 2300 1142 2335 iram
1175 2299 1302 2345 optime
1334 2301 1474 2347 depingi
1507 2313 1584 2337 sen-

189 2358 316 2396 timus?
355 2358 438 2395 Item
467 2369 568 2405 quam
594 2358 717 2394 validis
737 2357 878 2394 Veneris
903 2357 1002 2393 nodis
1027 2369 1147 2394 amans
1165 2362 1322 2394 teneatur
1341 2370 1453 2396 nonne
1471 2360 1584 2407 lepide

190 2419 324 2454 videtur
356 2417 558 2463 significari,
598 2429 673 2453 cum
706 2421 805 2463 poeta
836 2429 909 2453 eum
942 2418 1073 2453 duobus
1104 2419 1215 2455 verbis
1246 2421 1455 2467 implicitum
1480 2422 1584 2467 inque
