1835 2765
878 37 925 73 65

200 132 326 170 nullius
358 137 448 171 esset
479 134 652 181 ponderis.
710 133 778 170 Sed
808 134 864 171 hic
896 134 1055 171 Munroni
1088 134 1189 182 plane
1219 146 1274 171 me
1306 134 1466 172 assentiri
1493 134 1605 171 fateor

200 204 242 227 ex
267 192 320 228 Pii
346 195 542 229 coniectura
569 194 765 229 scribentis:
792 195 920 230 morbis
947 197 1174 241 aeqreseimus
1200 197 1317 230 isdem.
1377 194 1464 230 Nam
1493 194 1603 230 Lach-

198 252 316 288 manni
341 253 577 298 interpretatio
604 252 785 289 verborum
810 255 902 289 inter
925 266 989 289 nos
1014 255 1107 289 idem
1132 260 1235 300 atque
1259 254 1316 289 illi
1341 256 1425 299 etqs.
1446 264 1533 299 quae
1552 254 1603 289 ita

199 312 363 358 explicat:
395 315 485 348 inter
517 325 580 348 nos
611 313 784 348 simillimi
814 326 855 348 ac
881 326 1031 360 prorsus
1062 314 1170 348 iidem
1200 325 1263 347 nos
1290 320 1321 348 et
1344 314 1401 348 illi
1425 326 1511 360 quos
1538 316 1601 349 etc.

199 373 253 405 sat
283 371 395 407 audax
429 375 481 407 est
512 382 622 417 neque
656 371 734 407 talis
770 371 906 406 dicendi
933 371 1083 407 brevitas
1109 370 1248 406 Lucreti
1275 372 1426 417 propria.
1477 371 1603 407 Forma

197 431 306 465 isdem
336 434 469 476 autem,
502 441 604 476 quam
637 429 879 466 Lachmannus
904 429 1065 466 Lucretio
1092 429 1288 466 adscribere
1315 440 1382 464 non
1409 441 1511 465 ausus
1538 435 1602 475 est,

199 490 233 523 et
264 488 319 525 hic
350 492 385 525 et
409 489 446 524 in
473 501 503 524 v.
532 488 562 524 ΙΙ
580 489 650 526 693
677 489 712 524 in
739 489 812 525 loco
840 489 976 525 videtur
1002 501 1077 526 esse
1104 492 1138 525 et
1163 489 1248 525 illud
1274 491 1366 524 inter
1390 502 1453 524 nos
1479 488 1601 525 Munro

200 547 254 583 hic
281 551 360 594 apte
387 548 636 594 interpretatur
664 561 725 584 one
751 549 834 584 with
859 550 913 584 the
939 550 1044 594 other,
1072 550 1172 584 taken
1200 549 1250 584 all
1273 550 1312 583 in
1330 548 1391 592 all,
1420 547 1510 593 quod
1528 549 1603 593 qui-

199 606 274 642 dem
303 608 345 643 ab
372 607 434 642 hoc
462 611 562 654 poeta
588 608 841 653 frequentatum
869 609 971 644 etiam
999 609 1045 644 ibi
1074 619 1330 654 nonnumquam
1360 607 1518 653 ponitur,
1546 606 1602 642 ubi

199 678 217 701 e
242 667 432 701 sententiae
465 678 596 702 conexu
633 668 752 702 deesse
779 671 892 713 potest
917 668 1011 703 velut
1038 669 1071 703 in
1098 680 1148 703 vs.
1175 668 1279 703 1838
1306 669 1489 714 sanquinis
1514 669 1605 701 inter

200 738 233 760 se
258 726 375 761 multis
401 727 596 761 coeuntibus
621 728 740 771 qums,
768 725 798 760 II
828 726 896 760 154
922 728 981 761 sed
1006 728 1181 773 complexa
1208 734 1324 762 meant
1347 728 1438 762 inter
1463 739 1498 761 se
1523 738 1603 761 con-

200 796 265 831 que
284 784 437 831 ylobata,
464 784 522 819 ubi
549 787 669 818 mutua
687 783 881 818 coniunctio
899 784 976 830 ipsa
994 785 1246 831 praepositione
1265 784 1492 830 significatum
1519 785 1601 820 item

200 842 230 877 II
250 843 294 878 76
320 844 411 878 inter
436 856 470 877 se
495 843 656 878 mortales
682 850 803 878 mutua
827 844 958 886 vivunt,
986 842 1016 876 V
1044 844 1111 878 851
1139 851 1258 878 mutua
1284 846 1347 891 qui
1366 851 1496 879 mutent
1511 846 1603 879 inter

200 914 234 937 se
261 902 412 949 qaudia,
449 902 541 936 1098
573 908 692 935 mutua
727 902 809 936 dum
833 903 923 936 inter
948 913 983 936 se
1007 903 1100 935 rami
1123 904 1313 949 stirpesque
1339 910 1512 948 teruntur,
1543 903 1601 938 ubi

200 960 450 997 vicissitudinis
479 961 529 995 vis
556 960 725 996 adiectivo
751 968 890 995 niutuus
917 961 1000 995 satis
1028 960 1250 1005 significatur.

298 1019 366 1056 Sed
405 1031 480 1056 cum
513 1020 548 1054 in
582 1020 634 1054 his
666 1020 841 1054 nominum
875 1019 1044 1065 exemplis
1076 1020 1204 1055 versati
1237 1020 1360 1065 simus,
1394 1031 1502 1066 pauca
1531 1020 1601 1056 iam

200 1079 491 1123 commemorabo,
525 1078 581 1114 ubi
617 1090 684 1113 non
711 1079 746 1113 in
774 1079 912 1114 nomine
938 1079 1014 1125 ipso
1042 1079 1101 1114 sed
1128 1079 1164 1114 in
1192 1079 1361 1114 adiectivo
1387 1080 1516 1114 nomini
1542 1080 1602 1115 ad·

200 1139 289 1174 iecto
319 1138 529 1174 abundantia
556 1138 668 1184 posita
694 1140 756 1172 est.
797 1137 895 1172 Talia
920 1137 996 1173 dico
1023 1137 1196 1184 exempla:
1224 1145 1427 1173 conservant
1441 1145 1604 1173 naturam

200 1211 332 1245 semper
358 1199 499 1233 eandem
530 1197 543 1232 I
570 1198 658 1241 676,
692 1211 799 1232 unum
838 1217 882 1221 —
923 1210 1128 1233 conservans
1154 1210 1262 1244 usque
1288 1205 1439 1233 tenorem
1465 1197 1494 1232 V
1520 1199 1603 1242 508,

200 1260 259 1292 aut
283 1257 436 1292 moribus
462 1257 540 1292 unis
567 1255 780 1291 Conveniunt
805 1255 834 1290 V
853 1256 924 1292 894
943 1256 974 1291 h.
996 1267 1024 1291 e.
1051 1256 1205 1292 moribus
1232 1258 1312 1291 unis
1330 1264 1411 1292 sunt
1428 1256 1481 1292 vel
1498 1258 1604 1292 mori·

200 1317 262 1351 bus
295 1318 509 1352 conveniunt.
560 1315 615 1351 Ab
649 1315 701 1350 his
733 1315 892 1361 deinceps
925 1315 967 1350 ad
994 1326 1112 1351 eorum
1140 1315 1388 1351 adiectivorum
1417 1326 1517 1351 usum
1545 1315 1603 1351 de-

201 1375 368 1419 ducimur,
397 1385 483 1421 quae
510 1385 577 1410 non
604 1385 680 1410 cum
707 1374 845 1409 nomine
872 1377 945 1409 arte
971 1374 1154 1410 coniuncta
1171 1374 1230 1410 sed
1250 1374 1293 1409 ad
1312 1375 1407 1410 verbi
1426 1375 1602 1410 notionem

202 1435 310 1480 magis
337 1435 545 1481 pertinentia
570 1445 646 1470 cum
674 1434 708 1469 vi
735 1434 808 1470 eius
835 1434 884 1469 ita
902 1434 1121 1478 conveniunt,
1147 1438 1185 1469 ut
1206 1437 1344 1481 praeter
1362 1435 1600 1471 necessitatem

201 1494 363 1540 apposita
394 1494 468 1529 iure
502 1494 636 1539 possint
666 1493 792 1539 putari.
849 1492 946 1534 Quod
980 1493 1071 1528 enim
1110 1494 1144 1527 in
1179 1505 1210 1527 v.
1246 1493 1292 1527 IV
1317 1494 1390 1528 449
1421 1493 1602 1529 Lucretius

201 1552 304 1589 dixit:
336 1553 485 1600 binaque
513 1565 581 1601 per
606 1559 693 1588 totas
721 1553 815 1588 aedis
839 1554 1015 1600 yeminare
1040 1552 1208 1600 supellex,
1246 1555 1305 1587 aut
1330 1552 1411 1587 bina
1433 1553 1519 1598 fieri
1543 1555 1604 1587 aut

198 1614 374 1659 yemiuare
411 1612 521 1647 solum
553 1611 700 1658 simplici
734 1612 880 1646 orationi
912 1612 1136 1647 conveniebat
1168 1622 1277 1657 neque
1308 1611 1411 1658 paulo
1438 1615 1531 1658 post,
1565 1612 1601 1647 in

201 1682 250 1706 vs.
281 1668 444 1718 1246l47‚
474 1671 598 1718 quibus
624 1678 703 1706 ante
728 1672 824 1706 domi
837 1670 1015 1717 fecundae
1040 1683 1141 1717 saepe
1167 1672 1364 1717 nequissent
1388 1670 1516 1706 Uxores
1530 1684 1602 1718 pa-

199 1743 274 1766 rere
300 1740 437 1766 necesse
464 1734 538 1765 erat
564 1733 666 1776 poeta
693 1729 860 1765 adiectivo
876 1730 1054 1775 fecundae
1079 1730 1114 1764 in
1141 1729 1203 1764 hac
1228 1729 1410 1765 verborum
1430 1730 1601 1765 sententia

200 1791 364 1824 uteretur.
421 1788 543 1823 Munro
578 1789 668 1823 enim
701 1799 777 1823 cum
805 1788 911 1823 verba
935 1789 1114 1833 fecundae
1139 1801 1263 1823 uxores
1289 1789 1470 1824 coniuncta
1496 1790 1602 1824 vertit

200 1850 312 1884 wiwes
339 1848 493 1883 however
507 1847 663 1893 fruitful
687 1858 767 1882 num
796 1851 918 1893 poetae
939 1847 1144 1883 sententiam
1164 1851 1255 1882 recte
1274 1848 1485 1894 expresserit
1504 1847 1602 1883 valde

201 1907 330 1952 dubito,
365 1906 540 1952 multoque
566 1906 663 1952 peius
690 1905 924 1941 Wakefieldus·
947 1906 1059 1941 locum
1088 1906 1239 1952 explicat
1265 1907 1426 1942 adverbio
1455 1915 1532 1942 ante
1559 1907 1601 1941 ad

205 1966 410 2002 adiectivum
427 1966 606 2012 fecundae
630 1965 739 2000 relato
765 1967 803 2000 in
826 1965 1006 2012 prioribus
1024 1966 1234 2012 Hymenaeis
1253 1977 1292 2001 ea
1310 1965 1522 2010 intellegens,
1548 1966 1604 2001 in-

201 2026 283 2071 vito,
310 2025 443 2072 opinor,
470 2027 582 2071 poeta,
610 2025 667 2069 qui
694 2024 782 2059 hanc
808 2024 999 2070 simplicem
1027 2025 1233 2060 sententiam
1262 2025 1334 2060 sine
1359 2024 1462 2061 dubio
1489 2024 1603 2061 efferri

201 2084 290 2120 vult:
318 2084 376 2131 qui
403 2087 503 2119 antea
528 2083 683 2130 pluribus
707 2082 905 2129 hymenaeis
923 2082 1028 2118 nullis
1047 2083 1201 2118 fecundis
1220 2083 1387 2118 uxoribus
1406 2084 1458 2118 usi
1477 2088 1604 2129 essent,

202 2144 256 2180 his
282 2147 404 2192 postea
430 2155 472 2180 ex
499 2143 566 2178 alia
591 2142 719 2178 femina
744 2141 843 2178 liberi
869 2144 985 2177 tamen
1012 2142 1239 2187 contigerunt.
1284 2142 1401 2188 Neque
1420 2142 1524 2178 habet
1541 2143 1606 2179 hoc

204 2203 419 2250 exemplum,
459 2207 593 2239 tantum
632 2202 721 2248 quod
759 2201 939 2247 negatione
977 2201 1125 2237 fortasse
1164 2203 1250 2237 ratio
1289 2202 1391 2248 paulo
1428 2202 1605 2239 difficilius

204 2263 433 2308 cognoscitur,
460 2265 520 2298 aut
545 2261 741 2297 offensionis
768 2261 949 2307 quicquam
977 2264 1036 2295 aut
1062 2261 1224 2296 novitatis
1252 2261 1311 2296 sed
1338 2265 1418 2296 sunt
1435 2262 1505 2297 alia
1522 2273 1607 2308 quo-

204 2333 270 2368 que
296 2322 331 2358 in
358 2322 482 2369 quibus
509 2322 627 2358 eadem
653 2320 902 2368 interpretandi
928 2319 1061 2356 ratione
1087 2323 1232 2356 utemur.
1285 2319 1376 2356 Nam
1403 2324 1437 2357 et
1454 2322 1490 2357 in
1510 2334 1540 2358 v.
1560 2321 1607 2358 111

205 2382 272 2416 731
311 2395 437 2429 corpus
475 2385 566 2418 enim
597 2383 708 2429 maqis
742 2382 796 2416 his
834 2382 927 2416 vitiis
957 2381 1074 2429 adfine
1105 2380 1241 2415 laborat
1276 2379 1396 2416 eadem
1437 2382 1607 2418 sententia

205 2439 333 2487 duplici
359 2441 460 2476 modo
487 2441 680 2477 illustratur
706 2444 740 2476 et
765 2440 801 2475 in
827 2452 858 2475 v.
885 2439 931 2475 IV
958 2440 1029 2476 930
1054 2437 1209 2486 (corpus)
1235 2442 1340 2476 ae'riis
1359 2443 1512 2477 vicinum
1529 2449 1605 2477 tan-

1393 2497 1412 2527 5
