1835 2765
903 38 950 73 43

229 137 374 182 assequi.
439 137 558 184 Neque
601 147 663 182 ego
690 137 750 172 illa
787 141 825 172 ut
856 136 1086 172 abundantiae
1127 136 1325 172 testimonia
1355 134 1460 171 affero
1494 134 1555 170 sed
1586 137 1624 169 ut

228 206 315 242 quae
353 197 398 232 sit
435 197 532 233 varia
575 196 730 244 asyndeti
778 196 866 232 ratio
912 195 1046 242 plenius
1079 196 1308 243 perspiciatur
1334 199 1368 231 et
1406 199 1444 230 ut
1470 195 1554 230 haec
1580 196 1622 229 ab

226 255 302 292 aliis
329 256 573 292 adiectivorum
609 256 776 302 exemplis
807 255 1063 299 distinguantur
1097 255 1191 289 velut
1228 266 1248 289 a
1281 266 1330 290 vs.
1358 255 1389 290 ΙΙ
1406 255 1478 290 542
1516 256 1622 289 unica

225 328 279 364 rea
318 317 488 362 quaedam
525 317 642 350 nativo
681 327 825 362 corpore
863 315 938 349 sola
968 312 1026 359 (cf.
1053 313 1123 348 Cic.
1152 325 1200 348 or.
1229 312 1317 348 Sest.
1344 315 1402 358 62,
1431 315 1501 349 130
1530 326 1622 348 unus

226 381 275 409 est
298 375 391 409 solus
416 377 585 417 inventus,
614 373 709 408 Verr.
738 372 782 417 II,
809 372 852 417 Π,
878 374 914 417 5,
944 374 987 407 13
1014 386 1120 407 unam
1152 373 1263 407 solam
1295 374 1409 407 scitote
1440 386 1510 408 esse
1536 374 1620 408 civi-

225 439 326 468 tatem
352 434 613 475 Mamertinam,
642 432 699 475 75,
730 432 798 466 185
820 432 928 477 furta
953 433 1130 478 praetoris
1158 450 1202 456 —
1231 443 1272 465 ex
1298 443 1366 465 uno
1393 433 1521 477 oppido
1548 432 1620 466 solo

224 498 406 539 eoeportata
430 497 511 525 sunt
535 495 569 525 et
594 488 801 525 Graecorum
828 490 875 532 εἷς
899 488 1038 536 μόνος),
1066 489 1111 525 IV
1137 488 1271 537 589s'90
1309 501 1351 523 ne
1383 489 1458 524 loca
1488 491 1622 525 deserta

224 551 266 586 ab
293 553 383 586 divis
410 563 544 597 quoque
558 551 656 596 forte
675 557 843 598 putentur
861 549 948 586 Sola
969 557 1091 594 tenere,
1116 549 1161 585 VI
1179 550 1250 586 310
1266 549 1412 596 friqida
1438 561 1514 584 cum
1531 551 1624 584 venti

217 611 359 657 pepulit
382 611 433 644 vis
458 612 564 644 missa
589 612 661 644 sine
685 612 772 656 iyni,
800 611 870 645 322
897 617 934 645 at
958 610 1128 657 tepefacta
1154 617 1267 645 tamen
1296 610 1415 643 veniat
1439 610 1623 643 commixta

222 681 362 715 vapore,
389 665 520 714 582s83
546 671 654 704 incita
682 688 726 692 ——-
752 671 804 703 vis
829 667 953 714 (venti)
972 669 1174 715 Exayitata‚
1206 665 1362 714 1227s28
1388 668 1481 702 illud
1505 669 1544 702 in
1569 667 1622 701 lzis

221 727 322 761 rebus
347 729 581 762 miserandum
606 739 813 773 maynopere
837 740 944 761 unum
962 728 1208 762 Aerumnabile
1234 734 1319 771 erat,
1348 727 1383 761 in
1402 725 1527 772 quibus
1553 736 1621 760 non

222 785 296 820 sine
321 785 512 821 sententiae
537 785 570 820 vi
598 790 700 830 atque
727 784 878 830 pondere
904 784 965 820 sed
991 785 1064 820 sine
1088 786 1253 820 orationis
1271 785 1474 830 gradatione
1500 784 1620 820 eadem

222 855 277 879 res
303 844 434 880 duobus
461 844 621 890 deinceps
640 843 817 879 adiectivis
837 844 1039 890 synonymis
1065 844 1116 879 bis
1143 843 1292 880 effertur.
1312 865 1357 869 ——-
1384 844 1527 880 Restant
1552 844 1620 879 duo

221 902 298 948 loci,
325 903 412 939 alter
437 903 472 938 in
499 914 549 938 vs.
577 903 746 938 620—22
772 902 851 938 libri
879 902 923 936 IV

454 962 529 998 Hoc
554 962 615 997 ubi
639 963 727 997 levia
752 969 833 997 sunt
855 964 1031 997 manantis
1057 974 1208 1009 corpora
1232 964 1318 1006 suci,

456 1021 619 1057 Suaviter
644 1023 819 1068 attinyunt
844 1028 875 1056 et
900 1023 1053 1055 suaviter
1079 1023 1196 1056 omnia
1221 1028 1370 1055 tractant

461 1081 585 1115 Umida
612 1081 749 1127 linquai
773 1082 903 1115 circum
928 1081 1092 1115 sudantia
1119 1080 1263 1127 templa:

217 1140 254 1175 in
277 1151 421 1186 quorum
446 1151 603 1175 versuum
623 1139 745 1174 ultimo
764 1150 839 1174 cum
860 1139 990 1186 templa
1007 1138 1147 1183 linguae
1165 1140 1286 1174 umida
1303 1138 1475 1183 dicantur,
1501 1137 1618 1174 eadem

218 1198 436 1234 Lachmanno
468 1199 571 1234 nimis
603 1198 745 1234 moleste
776 1200 811 1233 in
845 1209 912 1233 uno
951 1198 1117 1233 orationis
1143 1198 1298 1233 membro
1326 1197 1431 1233 etiam
1456 1199 1619 1233 sudantia

216 1258 384 1305 appellari
412 1258 626 1302 videbantur,
653 1257 873 1303 quamobrem
902 1257 1007 1292 verba
1033 1268 1153 1292 versus
1181 1257 1295 1303 aptius
1322 1257 1365 1292 ad
1388 1257 1461 1292 suci
1479 1268 1619 1303 corpus-

217 1317 293 1353 cula
331 1318 449 1352 referri
482 1325 577 1353 ratus
611 1318 663 1352 vir
693 1317 911 1352 doctissimus
937 1317 1084 1352 coniecit
1107 1319 1228 1352 umida
1255 1318 1393 1364 linquat·
1418 1318 1548 1351 cire-um
1572 1318 1619 1351 si-

217 1378 333 1412 dentia
364 1378 499 1424 templa.
552 1377 720 1412 Defensor
745 1379 858 1411 autem
884 1376 1031 1411 traditae
1056 1375 1214 1411 lectionis
1241 1376 1357 1411 extitit
1382 1375 1523 1421 Munro,
1560 1375 1617 1421 qui

216 1437 334 1471 umida
367 1456 413 1460 —-
447 1437 609 1471 sudantia
646 1436 773 1482 templa
803 1434 962 1470 Lucretio
997 1434 1101 1479 digna
1131 1446 1206 1470 esse
1233 1439 1325 1470 recte
1353 1435 1508 1470 iudicans
1534 1434 1617 1470 illud

217 1495 384 1540 exemplis
423 1495 581 1540 probavit
619 1505 685 1529 non
719 1494 875 1530 omnibus
906 1494 998 1529 omni
1025 1506 1067 1529 ex
1094 1500 1193 1540 parte
1221 1495 1322 1540 aptis.
1376 1494 1499 1530 Nescio
1526 1494 1616 1529 enim

217 1565 260 1589 an
288 1554 370 1589 haec
395 1554 444 1589 ita
469 1553 622 1598 intellegi
650 1554 793 1599 possint,
821 1557 858 1588 ut
885 1564 949 1588 non
977 1553 1047 1588 sint
1069 1555 1201 1598 umida,
1230 1555 1395 1589 sudantia
1412 1554 1539 1601 templa
1557 1553 1617 1589 sed

214 1615 334 1649 umida
372 1615 536 1649 sudantia
573 1613 690 1649 eadem
724 1613 878 1648 ubertate
908 1612 1004 1659 quasi
1035 1612 1162 1648 dixerit
1188 1616 1307 1659 poeta:
1347 1626 1460 1649 omnes
1487 1615 1616 1648 circum

216 1674 354 1720 linquae
377 1680 494 1720 partes
521 1686 608 1720 quae
632 1674 770 1708 umidae
795 1674 933 1717 sudant,
964 1672 1149 1718 eademque
1175 1674 1346 1708 sententia
1372 1684 1458 1718 quae
1485 1672 1614 1708 verbis:

215 1733 342 1779 templa
376 1732 514 1778 linquae
542 1733 706 1767 sudantia
731 1745 848 1767 artiore
874 1731 961 1777 (suci
987 1731 1137 1776 scilicet,
1176 1743 1255 1767 nam
1283 1732 1359 1778 quis
1386 1742 1462 1767 cum
1490 1730 1615 1767 Wake-

214 1789 314 1825 fieldo
341 1790 382 1825 de
408 1790 516 1825 saliva
541 1790 720 1835 cogitabit,
760 1802 861 1836 quam
888 1792 1002 1834 gustui
1028 1791 1175 1826 iucunda
1202 1802 1241 1825 ac
1267 1791 1389 1836 sapida
1414 1789 1613 1835 moveant?)

215 1852 295 1894 apte
321 1851 355 1884 et
379 1848 580 1894 simpliciter
606 1849 850 1884 enuntiabitur.
878 1869 923 1873 —
951 1849 1049 1885 Alter
1075 1850 1168 1884 locus
1195 1852 1290 1884 extat
1313 1850 1348 1883 in
1367 1861 1397 1884 v.
1414 1850 1484 1884 523
1503 1849 1580 1884 libri
1600 1849 1614 1884 I

215 1921 312 1944 omne
338 1909 432 1955 quod
455 1915 514 1952 est,
541 1910 693 1955 spatium
716 1922 864 1944 vacuum
888 1916 1059 1945 constaret
1083 1911 1186 1945 inane
1208 1909 1341 1944 incerta
1357 1909 1490 1944 ratione
1507 1909 1613 1944 inter-

214 1967 400 2013 pungendi.
452 1966 679 2002 Wakefieldus
718 1966 809 2002 enim
848 1978 923 2002 eum
957 1968 1035 2003 aliis
1061 1979 1196 2004 comma
1222 1968 1319 2015 ponit
1344 1971 1422 2014 post
1447 1970 1611 2016 spatium,

214 2025 465 2070 Lachmannus,
492 2025 710 2072 Bernaysius,
731 2025 854 2061 Munro
874 2038 1008 2062 versum
1028 2028 1078 2062 sic
1095 2028 1343 2074 interpungunt
1360 2030 1398 2062 ut
1415 2038 1491 2062 eum
1511 2027 1612 2062 modo

215 2085 325 2122 attuli.
360 2085 457 2121 Hanc
483 2085 513 2121 si
530 2086 705 2131 sequimur
723 2086 902 2131 rationem,
928 2099 1075 2122 vacuum
1093 2091 1127 2122 et
1144 2089 1248 2123 inane
1265 2086 1432 2122 adiectiva
1451 2097 1491 2122 ea
1509 2098 1612 2133 quam

214 2146 358 2192 exposui
383 2145 516 2181 ratione
542 2144 737 2187 ἇσυνδέτως
762 2145 927 2181 collocata
952 2150 1042 2181 sunt.
1096 2146 1222 2182 Verum
1249 2147 1313 2182 hoc
1338 2150 1408 2191 est,
1433 2148 1549 2191 inane,
1578 2147 1613 2183 id

214 2208 266 2240 est
297 2204 446 2251 spatium
477 2216 621 2240 vacuum
647 2203 819 2240 infinitum
847 2208 905 2240 aut
930 2205 1079 2251 spatium
1107 2206 1277 2251 quoddam
1306 2216 1449 2241 vacuum
1476 2205 1612 2242 finitum

213 2262 270 2309 (cf.
310 2264 324 2300 I
362 2262 492 2311 386s87
531 2267 620 2300 inter
649 2262 747 2311 (duo)
778 2278 925 2312 corpora
951 2266 1045 2311 quod
1061 2267 1133 2315 fiat
1151 2267 1314 2313 possidat
1336 2267 1459 2310 inane,
1500 2266 1514 2302 I
1542 2268 1613 2302 223

211 2325 305 2359 intus
340 2331 493 2371 penetret
527 2337 591 2371 per
620 2326 744 2360 inania
770 2324 1014 2371 dissoluatqae)
1040 2323 1241 2370 plerumque
1267 2324 1475 2361 substantivi
1500 2326 1612 2362 locum

212 2383 305 2428 apud
330 2382 526 2419 Lucretium
554 2383 724 2429 obtinere,
752 2384 811 2420 sed
836 2384 1040 2420 adieetivum
1069 2395 1089 2418 a
1116 2388 1216 2429 poeta
1242 2395 1309 2419 non
1337 2396 1479 2432 prorsus
1507 2386 1612 2421 reiec-

212 2443 283 2475 tum
312 2452 397 2486 esse,
424 2445 542 2488 aperte
568 2443 732 2488 probatur
756 2454 858 2480 versu
885 2442 928 2478 VI
947 2444 1017 2479 832
1041 2455 1152 2496 prope
1177 2446 1230 2479 uti
1247 2445 1341 2480 locus
1360 2446 1416 2481 hic
1433 2447 1613 2498 linquatur
