1835 2765
891 25 912 60 8

189 122 348 168 peditum
379 120 472 155 dicat
503 120 563 163 (IV
592 119 726 166 1141)?
777 120 860 163 Quis
892 121 1016 156 deinde
1042 121 1132 166 quod
1159 124 1284 156 natura
1310 121 1451 156 deorum
1478 129 1606 157 semota

192 180 235 216 ab
273 182 401 216 nostris
438 179 540 216 rebus
578 181 800 228 seiunctaque
839 181 939 229 lonqe
977 179 1183 216 describitur
1214 178 1261 227 (ΙΙ
1294 180 1384 225 648,
1424 190 1490 226 quo
1527 190 1603 215 cum

193 239 351 285 exemplo
379 250 568 286 componas
587 252 619 275 V.
638 240 684 276 lv
704 241 776 276 810
793 248 957 276 semotum
982 260 1021 264 ——
1041 241 1207 287 longeque
1223 242 1403 282 remotum)
1422 239 1603 275 verborum

191 298 292 344 copia
325 309 392 333 non
427 299 525 334 audit
557 299 710 344 graviter
741 297 854 334 efferri
881 298 1017 334 firmum
1045 299 1172 334 mentis
1199 310 1240 334 ac
1265 298 1457 334 stabilitum
1484 302 1605 344 poetae

190 356 284 393 illius
310 357 491 404 iudicium,
519 359 573 394 cui
601 358 682 394 deos
700 361 854 395 nostram
874 358 1020 394 salutem
1039 358 1178 394 omnino
1196 358 1245 394 nil
1263 369 1383 394 curare
1402 368 1603 405 persuasum

190 415 288 452 erat?
333 417 450 464 Atque
474 418 568 454 idem
587 417 769 453 Lucretius
797 417 855 453 ubi
881 418 923 453 de
950 421 1063 461 vento,
1091 418 1148 464 qui
1175 418 1282 454 nubes
1308 419 1343 453 in
1367 429 1472 453 unum
1490 417 1603 452 locum

191 478 267 512 arte
293 476 507 524 comprimit,
534 476 587 512 his
615 476 728 512 verbis
754 476 864 512 utitur
882 475 941 519 (VI
960 474 1124 523 211s12):
1151 478 1252 513 haece
1267 479 1377 526 iqitur
1394 490 1470 513 cum
1487 484 1605 513 ventus

191 549 299 582 aqens
339 538 508 572 contrusit
541 538 579 571 in
609 549 717 571 unum
743 535 1020 583 Compreeee'tque
1052 537 1164 572 locum
1203 550 1342 585 coqe‘ns,
1380 548 1493 573 nonne
1531 548 1605 572 ver-

192 595 313 631 borum
356 595 523 630 varietate
557 594 625 629 vim
660 595 753 629 venti
787 594 924 639 egregie
950 594 1162 630 illustravit?
1214 596 1381 631 Similiter
1406 596 1496 642 quod
1523 597 1604 631 sim-

192 654 316 701 plicius
347 654 525 690 enuntiare
561 656 713 700 poterat:
754 663 831 689 cum
872 653 905 688 vi
941 653 1148 699 dissolvere,
1187 655 1221 690 id
1249 655 1380 691 duobus
1406 655 1519 691 verbis
1546 666 1604 690 ex-

191 713 342 759 primere
385 713 508 748 maluit
550 713 752 748 disturbans
795 714 1056 760 dieeolueneque
1092 712 1123 760 (I
1162 713 1249 760 559)
1288 719 1322 750 et
1360 716 1527 750 discutere
1564 728 1605 750 ac

190 773 376 807 dissolvere
406 769 453 817 (II
480 769 578 817 953).
632 771 750 817 Neque
786 771 929 806 eandem
964 773 1156 808 sententiae
1188 773 1257 808 vim
1284 784 1353 808 non
1380 783 1603 818 agnoscemus

189 830 315 866 talibus
341 830 425 866 locis
452 830 483 865 II
511 831 582 867 784
607 832 661 866 nil
687 831 845 877 officiunt
870 831 1072 879 obstantque
1089 832 1241 879 fiqurae,
1269 832 1300 867 h.
1321 844 1349 868 e.
1374 843 1514 879 prorsus
1533 843 1600 867 non

188 890 396 937 impediunt,
423 894 457 926 et
485 892 504 926 7
509 891 555 926 86
582 898 619 926 at
643 892 738 926 varii
760 903 878 926 rerum
903 892 1088 939 inpediunt
1107 892 1361 939 prohibentque
1387 892 1526 927 colores.
1555 911 1599 915 —

188 950 305 995 Atque
333 949 385 985 his
413 950 510 994 locis,
537 950 573 984 in
600 949 723 995 quibus
751 949 911 985 omnibus
938 950 1071 985 sonitus
1096 950 1322 986 similitudine
1340 949 1479 986 effectus
1497 951 1601 986 etiam

190 1011 336 1054 augetur
363 1011 398 1044 et
424 1009 615 1044 sententiae
639 1008 793 1053 gravitas
813 1019 890 1044 cum
912 1009 1082 1044 suavitate
1101 1008 1235 1045 dicendi
1254 1009 1341 1045 belle
1360 1020 1396 1045 se
1414 1009 1601 1054 coniungit,

190 1068 359 1103 accedunt
397 1068 475 1113 alii,
514 1068 572 1104 ubi
606 1067 686 1103 talis
718 1068 884 1103 orationis
916 1073 1057 1103 ornatus
1088 1068 1312 1103 desideratur.
1364 1068 1483 1114 Neque
1510 1068 1609 1103 enim·

188 1127 225 1162 in
265 1138 295 1162 v.
329 1126 359 1162 11
398 1127 468 1161 275
508 1125 700 1161 infinitivus
733 1128 787 1162 ire
812 1126 946 1161 fortiori
973 1127 1129 1172 rapiendi
1157 1127 1260 1161 verbo
1286 1127 1438 1161 inaniter
1464 1126 1602 1161 additur

190 1197 301 1232 neque
334 1189 455 1232 postea
486 1187 521 1221 in
549 1185 664 1221 verbis
692 1197 811 1221 versus
839 1187 911 1221 280
936 1193 1057 1221 contra
1077 1199 1240 1233 puqnare
1266 1186 1467 1233 obstareque
1493 1185 1602 1221 altera

190 1256 258 1280 vox
296 1245 481 1291 supplendi
520 1245 655 1280 numeri
695 1255 799 1279 causa
836 1244 1044 1289 inculcatur,
1085 1244 1143 1279 sed
1180 1255 1257 1279 cum
1293 1244 1428 1289 magnis
1461 1245 1601 1279 alterius

190 1305 322 1341 viribus
349 1309 485 1341 coactos
510 1316 572 1340 nos
590 1304 776 1352 procedere
794 1307 895 1350 poeta
912 1303 1016 1349 dicat,
1042 1304 1112 1339 vim
1131 1315 1199 1350 qua
1218 1304 1425 1351 praecipites
1444 1303 1602 1350 rapimur

190 1363 256 1410 (ita
294 1365 369 1411 ipse
407 1364 511 1411 paulo
550 1369 629 1411 post
659 1364 809 1410 loquitur
840 1364 875 1398 in
909 1374 958 1398 vs.
984 1360 1133 1410 278s79)
1163 1367 1266 1409 atque
1296 1365 1449 1408 vigorem
1484 1363 1601 1408 animi,

192 1425 250 1469 qui
297 1423 376 1458 huic
414 1424 612 1459 necessitati
652 1426 813 1458 externae
852 1422 988 1457 fortiter
1036 1423 1187 1467 resistit,
1232 1423 1384 1466 graviter
1422 1421 1601 1466 significat.

192 1482 357 1524 Quaesita
382 1482 506 1517 deinde
533 1482 667 1516 videtur
695 1482 777 1516 haec
804 1492 939 1526 quoque
966 1480 1149 1515 verborum
1176 1481 1336 1527 repetitio
1362 1481 1398 1515 in
1417 1492 1448 1515 v.
1468 1480 1512 1514 IV
1531 1481 1602 1515 916

192 1542 430 1577 dissolvuntur
467 1543 558 1576 enim
588 1548 659 1577 tum
691 1542 827 1576 demum
857 1540 1010 1575 membra
1031 1541 1233 1587 fluuntque,
1274 1540 1332 1575 ubi
1359 1540 1502 1576 eandem
1529 1550 1601 1574 rem

193 1602 243 1636 bis
271 1600 436 1646 exprimit
463 1603 582 1646 poeta3
610 1599 809 1645 depingitur
836 1599 926 1633 enim
947 1602 1027 1645 apte
1046 1599 1198 1633 omnium
1217 1599 1448 1634 membrorum
1469 1610 1603 1634 summa

190 1660 224 1694 in
265 1669 385 1694 somno
425 1659 561 1694 solutio.
614 1658 671 1694 Sic
703 1657 935 1700 Quintilianus
975 1657 1017 1692 de
1048 1659 1163 1703 pueris
1195 1659 1317 1693 solutio
1352 1671 1393 1693 ae
1412 1658 1602 1704 fluentibus

189 1719 343 1764 loquitur
368 1716 409 1763 (Ι.
438 1720 472 1763 2,
501 1715 556 1763 8),
583 1717 615 1752 h.
644 1729 673 1752 e.
702 1717 744 1752 de
772 1716 944 1751 enervatis
972 1720 1073 1761 atque
1100 1716 1352 1761 languentibus.
1406 1716 1491 1751 Item
1517 1716 1602 1751 illud

191 1778 233 1812 de
274 1777 406 1822 asperis
446 1776 647 1822 primordiis
686 1776 722 1810 in
763 1787 794 1809 v.
826 1774 872 1810 IV
905 1775 975 1810 623
1008 1786 1084 1810 011111
1117 1776 1214 1819 gravi
1245 1775 1394 1820 quadam
1420 1775 1601 1810 verborum

190 1836 291 1882 copia
330 1835 474 1879 dicitur,
513 1845 658 1880 quorum
693 1836 824 1869 tactum
856 1833 994 1877 linguae
1028 1833 1165 1868 foedum
1199 1833 1326 1879 duplici
1354 1832 1602 1878 significatione

191 1899 295 1941 poeta
321 1894 484 1938 declarat,
511 1905 589 1929 cum
617 1905 657 1928 ea
680 1904 819 1928 sensum
837 1906 994 1940 punqere
1012 1895 1045 1928 et
1062 1894 1215 1929 lacerare
1233 1891 1284 1938 (id
1303 1896 1355 1928 est
1367 1891 1601 1938 ‘empfindlich

192 1951 396 1998 verletzen')
423 1952 506 1987 dicit
532 1952 600 1986 illis
628 1952 803 1997 opposita,
831 1963 917 1996 quae
943 1952 1062 1987 suavia
1087 1954 1239 1987 suaviter
1264 1954 1439 1998 attinyunt
1464 1959 1496 1986 et
1520 1964 1600 1986 sua-

190 2016 277 2049 viter
302 2014 421 2049 omnia
447 2018 598 2047 tractant
623 2014 697 2056 etqs
725 2009 771 2055 (v.
792 2011 888 2053 621).

290 2072 408 2117 Neque
441 2071 477 2105 in
509 2082 541 2105 v.
568 2069 613 2105 IV
642 2071 711 2106 783
743 2070 870 2105 frustra
901 2071 1013 2116 posita
1039 2081 1114 2105 esse
1143 2070 1203 2105 illa
1228 2072 1345 2105 omnia
1371 2070 1432 2105 sub
1458 2069 1602 2104 verbone

193 2138 287 2165 creat
309 2137 439 2164 natura
462 2136 638 2176 paratque
665 2128 724 2163 sed
751 2128 959 2164 celeritatem
987 2128 1125 2163 creandi
1152 2139 1227 2163 esse
1244 2129 1280 2163 in
1299 2128 1412 2164 verbis
1431 2127 1600 2173 copulatis

195 2199 406 2235 expressam,
436 2200 537 2224 nemo
564 2191 617 2223 est
644 2187 725 2233 quin
753 2187 878 2233 videat,
906 2190 940 2222 et
965 2186 1089 2222 similis
1115 2189 1168 2222 est
1193 2198 1296 2223 causa
1322 2187 1358 2223 in
1384 2186 1438 2222 his
1458 2187 1600 2234 procul-

195 2260 274 2283 care
300 2260 341 2282 αο
368 2248 517 2283 ludibrio
545 2266 589 2270 —
619 2247 741 2282 habere
768 2247 810 2290 (V
832 2246 954 2291 1233),
980 2246 1015 2280 in
1042 2246 1164 2290 quibus
1191 2246 1319 2292 duplici
1346 2246 1497 2290 imagine
1515 2245 1600 2281 latet

193 2307 354 2342 fortunae
397 2306 623 2353 impotentiae
662 2310 695 2342 et
732 2305 979 2342 imbecillitatis
1019 2304 1187 2341 humanae
1226 2306 1341 2350 gravis
1383 2303 1599 2350 significatio.

193 2366 350 2402 Eandem
385 2365 452 2400 vim
484 2366 631 2412 denique
658 2366 760 2401 etiam
787 2366 822 2400 in
849 2365 903 2400 his
930 2364 1013 2399 locis
1039 2364 1347 2410 deprehendemus:
1387 2363 1418 2399 ΙΙ
1450 2365 1516 2399 154
1541 2365 1602 2399 sed

195 2426 374 2473 compleoea
404 2432 517 2460 meant
540 2427 631 2460 inter
657 2437 690 2458 se
716 2437 846 2471 conque
869 2424 1027 2470 ylobata,
1061 2423 1106 2458 ΙΙΙ
1137 2425 1229 2458 1002
1256 2424 1439 2469 (animum)
1466 2424 1601 2471 emplere
