1835 2765
926 10 973 45 26

238 104 426 140 viderimus
459 105 568 150 quod,
603 105 661 141 ubi
693 117 754 141 nos
788 107 961 143 adverbiis
993 111 1053 143 aut
1086 107 1203 154 phrasi
1242 106 1395 142 adverbii
1430 107 1504 142 loco
1536 108 1649 153 posita

238 163 443 198 sententiam
472 164 566 199 verbi
600 176 784 211 augemuS,
817 167 1003 214 scriptores
1029 166 1146 202 Latini
1179 168 1321 212 propter
1346 165 1499 212 inopiam
1526 165 1647 201 talium

238 222 480 259 adverbiorum
521 224 610 261 hanc
643 226 713 261 vim
753 237 857 273 saepe
897 226 1028 262 duobus
1062 225 1176 262 verbis
1216 224 1418 273 synonymis
1456 224 1647 261 coniunctis

236 280 440 328 effecerunt,
468 295 510 320 ea
536 296 590 320 res
616 289 700 320 nota
726 297 806 320 num
835 286 938 321 etiam
967 286 1010 321 ad
1040 286 1181 321 nomina
1214 285 1400 331 pertineat,
1428 284 1583 330 quaestio
1609 284 1648 319 fit

236 341 432 386 cognitione
459 347 514 379 sat
540 344 654 390 digna.
707 344 826 391 Neque
854 345 944 381 enim
973 345 1036 381 1100
1062 356 1130 380 non
1157 345 1312 381 videmus
1338 354 1530 380 sermonem
1552 342 1647 379 Lati-

236 412 320 436 num
349 402 391 437 ab
419 414 458 437 ea
486 404 733 438 adiectivorum
761 405 930 439 varietate
957 405 1080 449 quibus
1108 404 1206 439 nobis
1232 405 1409 438 nominum
1428 403 1495 437 vim
1524 402 1647 448 ampli—

235 458 339 495 ficare
366 460 447 496 11001
473 461 574 506 longe
600 462 730 497 abesse.
784 461 858 504 Qua
885 463 920 497 in
948 473 985 498 re
1010 462 1299 507 Naegelsbachius
1326 473 1402 498 cum
1429 461 1465 497 in
1490 460 1578 497 libro
1605 460 1647 496 de

237 519 316 555 stilo
343 519 468 556 Latino
495 520 514 566 ξ
540 522 604 566 73,
629 522 651 556 2
682 521 847 556 1101111111Ιο
874 525 966 557 10010
993 522 1197 558 contulisset
1223 522 1317 558 velut
1344 534 1361 557 e
1388 521 1551 558 Cicerone
1576 534 1646 557 me—

236 586 308 614 tum
334 594 375 615 ac
401 582 556 615 timorem
575 580 688 624 (Verr.
708 580 764 615 IV.
790 581 843 625 19,
863 579 939 627 41),
964 583 1240 617 recordationem
1266 589 1297 617 et
1317 583 1519 617 memoriam
1536 579 1645 627 (Lael.

237 639 300 684 27,
331 637 430 685 104),
463 641 634 676 temeritas
668 647 700 675 et
731 654 849 686 casus,
882 654 954 676 non
985 643 1077 677 ratio
1116 654 1177 677 nec
1216 642 1399 677 consilium
1430 642 1520 677 valet
1551 639 1646 687 (Div.

237 698 275 732 11.
301 700 365 743 41,
390 698 466 744 85),
501 713 542 734 ex
567 701 631 735 hoc
657 713 762 735 cursu
788 708 891 747 atque
916 703 1047 747 impetu
1073 703 1269 736 animorum
1295 702 1343 735 ad
1366 714 1485 736 veram
1510 702 1647 735 laudem

234 755 349 800 (Tusc.
373 756 411 791 ΙΙ.
433 758 494 801 24,
515 756 597 802 58),
628 758 689 793 illa
715 759 913 794 distinctius
939 759 983 794 ab
1010 759 1059 794 eis
1086 759 1169 794 locis
1196 769 1375 794 secernere
1402 761 1553 804 poterat,
1589 758 1646 793 11111

233 814 300 849 11110
332 816 473 851 nomina
506 817 689 853 coniuncta
724 829 790 852 non
823 818 914 854 idem
948 819 1019 853 fere
1052 817 1248 863 significant
1284 818 1345 854 sed
1384 817 1529 853 alterum
1568 828 1645 853 cum

234 874 343 910 altero
372 875 536 910 adiectivi
564 876 639 911 1000
666 878 863 922 copulatum
893 878 1068 923 propriam
1089 877 1244 912 habetet
1263 877 1304 911 011
1331 876 1521 912 0011101111οθ
1546 888 1646 911 cone-

234 944 315 968 xum
344 934 574 969 necessariam
605 936 672 970 vim
700 939 802 981 atque
830 935 1130 980 significationem,
1157 935 1251 971 velut
1276 946 1352 971 cum
1373 935 1462 981 quod
1481 946 1543 970 nos
1561 935 1646 970 dici-

234 1004 311 1028 mus
337 992 571 1039 ‘jugendliche
601 993 733 1030 Krafte³
769 1006 788 1030 a
815 995 980 1031 Cicerone
1013 995 1144 1030 duobus
1177 995 1373 1030 nominibus
1404 997 1576 1030 iuventute
1605 1008 1647 1030 ac

233 1052 366 1087 viribus
393 1050 451 1098 (de
478 1057 605 1088 senect.
625 1056 659 1098 6,
685 1054 739 1097 15)
767 1065 968 1100 expressum
998 1064 1083 1098 esse,
1106 1053 1212 1088 ‘laute
1240 1052 1536 1096 Verwunderung’
1565 1064 1645 1088 eun-

233 1110 312 1145 dem
346 1112 530 1147 clamorem
561 1119 592 1147 et
622 1114 888 1148 admirationem
915 1112 1026 1155 (Verr.
1048 1112 1086 1146 V.
1111 1113 1176 1157 41,
1203 1112 1286 1154 106)
1313 1112 1442 1147 dixisse
1476 1112 1644 1157 videmus,

236 1174 269 1203 et
296 1181 383 1214 quae
411 1175 491 1204 011111
516 1171 552 1205 111
578 1182 687 1215 genus
714 1172 822 1205 multa
849 1171 927 1205 alia.
980 1171 1053 1205 Hoc
1086 1175 1202 1205 tamen
1234 1170 1318 1204 mihi
1346 1170 1482 1205 videtur
1511 1173 1642 1205 certum

234 1240 322 1273 esse,
350 1228 397 1264 ibi
425 1229 482 1264 ubi
509 1228 717 1265 Germanica
751 1230 856 1265 latine
882 1230 1063 1274 vertimus,
1090 1229 1198 1265 multa
1225 1229 1407 1273 adiectiva,
1433 1229 1556 1275 quibus
1582 1241 1643 1264 no-

234 1288 338 1321 minis
371 1289 464 1322 notio
496 1300 564 1322 non
597 1289 743 1334 quodam
778 1289 879 1323 modo
911 1289 1106 1323 accuratius
1132 1288 1294 1323 definitur
1321 1288 1381 1323 sed
1407 1291 1541 1322 tantum
1570 1299 1643 1322 am-

233 1345 418 1392 plificatur,
446 1350 639 1394 opportune
666 1347 768 1383 etiam
797 1347 929 1383 duobus
957 1347 1154 1383 nominibus
1173 1358 1260 1394 quae
1287 1347 1378 1382 idem
1399 1346 1514 1382 valent
1538 1357 1642 1393 copu-

234 1406 314 1440 latis
341 1406 485 1441 reddere
512 1407 630 1451 licere,
663 1418 705 1441 ne
732 1407 790 1441 illo
818 1418 928 1452 paene
955 1407 1027 1441 solo
1061 1407 1190 1441 auxilio
1223 1407 1469 1441 adiectivorum
1496 1419 1643 1452 maynue

233 1464 285 1498 vel
313 1477 466 1499 summae
493 1476 629 1511 semper
652 1466 700 1499 uti
721 1476 895 1510 cogamur.
939 1464 1105 1499 Nostrum
1127 1464 1266 1508 ‘vollige
1284 1462 1496 1509 Harmonie²,
1523 1467 1562 1498 ut
1578 1463 1644 1498 11οο

233 1534 337 1558 unum
367 1523 505 1569 addam,
533 1536 552 1558 a
571 1523 734 1560 Cicerone
753 1525 802 1559 sic
821 1524 915 1559 varie
942 1535 1145 1570 expressum
1174 1524 1384 1559 invenimus:
1413 1523 1642 1568 voluntatum,

231 1583 441 1627 studiorum,
476 1585 725 1618 sententiarum
762 1597 897 1618 summa
934 1586 1111 1618 consenaio
1145 1583 1252 1621 (Lael.
1278 1585 1318 1628 4,
1346 1585 1419 1628 15),
1451 1583 1488 1617 in
1520 1594 1561 1617 ea
1590 1581 1641 1628 (in

231 1642 371 1684 virtute)
392 1649 442 1678 est
461 1645 697 1679 convenientia
715 1657 833 1679 rerum
853 1642 960 1685 (Lael.
981 1644 1039 1688 27,
1061 1644 1158 1688 100),
1185 1645 1296 1679 omnis
1319 1643 1402 1678 haec
1427 1644 1640 1690 conspiratio

229 1709 481 1749 consensusque
508 1703 673 1738 virtutum
711 1703 767 1746 (de
798 1702 856 1737 fin.
883 1702 921 1737 V.
948 1704 1012 1746 23,
1037 1703 1098 1746 66)
1130 1702 1190 1737 sed
1223 1703 1327 1737 etiam
1358 1702 1430 1737 sola
1462 1703 1639 1737 nominum

229 1761 448 1807 copulatione
476 1775 546 1809 qua
572 1775 613 1797 ex
640 1764 881 1797 coniunctione
905 1769 1052 1797 naturae
1078 1769 1109 1797 et
1134 1764 1238 1809 quasi
1261 1768 1423 1797 concentu
1441 1769 1544 1809 atque
1561 1774 1640 1797 con-

228 1834 331 1856 sensu
353 1821 409 1863 (de
435 1821 502 1856 div.
524 1821 565 1856 Il.
589 1822 644 1865 15,
664 1823 737 1863 34).
758 1842 800 1846 -
823 1821 889 1856 Sed
917 1821 1004 1856 hanc
1030 1832 1103 1857 rem
1130 1822 1240 1866 magis
1267 1821 1473 1856 adumbrare
1499 1832 1638 1867 possum

228 1891 332 1925 quam
360 1880 498 1926 copiose
524 1879 701 1914 illustrare
729 1883 763 1914 01
782 1880 866 1914 00110
885 1879 993 1914 1101100
1022 1880 1068 1915 rei
1097 1880 1266 1915 rationem
1294 1879 1516 1923 significasse.
1560 1878 1639 1914 Jam

229 1951 309 1974 vero
328 1940 357 1974 si
377 1939 453 1985 quis
471 1939 555 1974 talia
574 1939 734 1985 exempla
761 1939 852 1985 apud
870 1938 1067 1975 Lucretium
1097 1940 1243 1986 quaerit,
1271 1943 1391 1975 extant
1416 1939 1520 1975 etiam
1548 1938 1640 1985 apud

227 1999 325 2033 illum
353 2010 464 2045 pauca
490 1999 563 2043 sed,
592 2003 629 2033 ut
656 1998 738 2033 mihi
766 1999 912 2043 videtur,
941 2001 1025 2034 satis
1053 2004 1183 2045 aperta.
1237 1999 1394 2044 Namque
1424 1998 1509 2033 illud
1541 2000 1638 2032 cuius

233 2080 270 2082 r—
301 2060 355 2093 rei
386 2059 613 2093 simulacrum
647 2065 678 2093 et
707 2060 822 2105 imayo
854 2057 994 2104 (quibus
1028 2058 1161 2093 duobus
1193 2057 1390 2093 nominibus
1429 2057 1640 2102 respondent

230 2117 295 2151 duo
314 2119 418 2153 verba
444 2118 480 2152 in
506 2117 575 2152 fine
603 2129 722 2152 versus
749 2119 924 2163 sequentis
950 2125 1029 2152 ante
1056 2118 1172 2152 oculos
1198 2129 1332 2163 semper
1356 2117 1456 2151 nobie
1481 2124 1639 2151 versatur

230 2183 260 2209 et
285 2177 392 2211 instat
409 2176 437 2210 ΙΙ
461 2174 542 2222 112)
550 2174 608 2221 13)
630 2187 690 2220 par
716 2179 768 2211 est
794 2182 911 2211 nostro
925 2176 995 2210 ‘ein
1014 2175 1204 2209 deutliches
1222 2174 1299 2209 Bild
1320 2185 1385 2208 von
1404 2175 1533 2209 diesem
1553 2174 1637 2209 Vor-

230 2233 350 2278 gange‘
382 2241 414 2270 et
441 2235 483 2271 lV
510 2236 581 2272 588
609 2236 722 2271 verbis
756 2243 868 2271 cetera
901 2236 942 2270 de
973 2247 1097 2282 qenere
1128 2235 1191 2269 hoc
1221 2241 1377 2269 monstra
1407 2247 1449 2269 ac
1474 2241 1639 2281 portenta

231 2295 417 2340 loquontur
443 2296 531 2330 mira
558 2295 679 2330 talium
706 2295 900 2330 fabularum
928 2294 1017 2328 ratio
1036 2293 1164 2338 duplici
1184 2293 1349 2328 vocabulo
1373 2304 1449 2328 cum
1468 2294 1637 2337 gravitate

230 2356 351 2398 aperta
378 2357 529 2397 notatur;
569 2355 651 2390 item
684 2354 718 2389 in
746 2366 777 2389 v.
805 2353 849 2389 VI
875 2354 947 2389 933
980 2365 1041 2387 nec
1071 2365 1170 2388 mora
1194 2365 1256 2388 nec
1281 2354 1416 2399 requies
1441 2353 1638 2389 interdatur

230 2413 305 2447 ulla
319 2413 459 2458 fluendi
485 2414 551 2448 vim
580 2413 781 2448 elocutionis
808 2413 953 2448 Latinae
980 2423 1127 2457 aequare
1155 2423 1338 2457 possumus
1361 2416 1532 2448 vertentes
1553 2412 1635 2448 ‘und
