1835 2765
920 51 967 87 38

244 158 348 205 dyoin
379 153 653 192 commodissime
680 151 820 187 adhibet
845 154 883 186 ut
906 149 950 185 VI
972 149 1063 184 1199
1090 148 1182 183 tabee
1208 147 1378 192 letumque
1404 144 1499 190 quod?
1520 143 1645 180 Wake-

242 215 363 251 fieldus
389 217 468 260 apte
494 214 597 249 letum
622 225 662 248 ea,-
687 212 762 246 tabe
788 211 1046 256 interpretatur.
1076 226 1118 230 —

340 272 428 309 Sunt
465 271 568 308 etiam
606 269 759 306 nonnulli
798 269 864 304 loci
904 268 961 302 ubi
999 266 1088 301 idem
1130 262 1358 309 hendiadyoin
1393 262 1427 296 in
1462 261 1574 295 verbis
1610 265 1643 295 et

243 332 420 368 adiectivis
446 331 582 366 videtur
607 333 724 365 extare
749 331 788 363 ut
812 328 847 362 in
876 339 906 362 v.
925 326 969 361 IV
991 326 1060 361 763
1086 326 1174 359 iacet
1196 325 1401 370 lanquetque
1419 333 1541 367 sopore
1560 319 1592 354 h.
1612 330 1641 354 e.

242 403 365 439 sopore
391 391 560 438 lamquida
584 391 688 433 iacet,
719 387 855 424 111649
882 387 1018 421 scandit
1043 392 1073 419 et
1097 386 1204 418 instat
1230 383 1261 417 h.
1282 392 1310 416 θ.
1337 381 1499 415 scandere
1524 381 1642 422 instat,

242 449 290 487 VI
310 447 441 497 996l97
479 450 560 485 bene
591 449 796 497 confirmata
828 454 931 492 atque
968 446 1080 479 locata
1111 462 1158 466 —-
1185 441 1398 477 constiterint
1434 438 1465 473 h.
1497 448 1525 473 e.
1561 437 1642 472 bene

244 511 449 558 confirmata
478 509 588 544 locata
619 514 721 542 conat.
755 505 808 540 vel
834 504 1025 550 simplicius
1058 503 1139 537 bene
1169 502 1324 537 stabilita
1351 505 1466 540 erunt3
1498 497 1578 532 item
1606 497 1639 531 in

245 581 276 605 v.
296 568 342 605 IV
360 569 406 605 55
432 567 534 603 verba
560 572 715 601 contexta
740 584 786 589 -—
814 564 1052 608 condensaque
1077 572 1140 596 nos
1167 563 1355 595 vertemus:
1389 556 1483 593 dicht
1508 555 1642 601 gewebt

245 632 279 663 et
304 629 394 662 altae
417 627 671 670 Exti-actaeque
694 625 789 658 nivea
814 622 850 656 in
877 632 925 655 ve.
945 620 991 656 VI
1010 617 1143 665 963164
1170 619 1281 654 dietae
1308 621 1389 653 sunt
1410 610 1476 663 'pro
1503 615 1639 650 nivibus

245 686 313 722 alte
342 684 515 721 extructis.
555 683 711 729 Denique
741 681 795 717 hie
822 679 925 716 affero
953 679 1143 726 asyndeton
1168 677 1254 713 illud
1281 678 1386 725 lonqa
1409 676 1546 722 infinita
1571 675 1642 709 diei

246 752 339 781 aetas
357 744 370 779 1
388 741 519 789 557l58
544 742 672 778 dietum
695 752 757 787 pro
774 741 909 788 infinite
926 741 1030 786 lonqa
1048 740 1080 773 d.
1097 752 1128 772 a.
1149 738 1217 780 (die
1235 736 1418 772 unendlieh
1438 735 1537 779 lange
1554 733 1638 768 Zeit.

244 803 286 840 of.
310 813 388 850 pag.
407 800 476 847 54)
502 804 537 837 et
564 803 644 847 apte
670 799 823 836 conferes
849 809 935 844 quae
961 798 1003 832 de
1029 797 1090 832 hoc
1113 808 1175 831 usu
1202 796 1364 830 dixerunt
1387 794 1577 830 Lobeckius
1596 793 1637 828 ad

244 862 361 898 Aiacis
394 873 425 897 v.
452 861 522 897 646
549 863 584 896 et
610 859 781 895 Vahlenus
807 859 841 893 in
868 857 1064 893 Aristotelis
1091 856 1132 891 de
1160 860 1233 890 arte
1259 855 1395 901 poetica
1419 854 1526 896 libro,
1561 864 1636 899 pag.

246 922 316 956 120
331 922 388 956 21.

317 919 416 1023 [Qua
439 990 478 1015 re
504 977 689 1025 explanata
713 979 751 1012 ut
776 975 912 1012 tandem
941 975 1027 1010 hane
1052 977 1186 1021 partem
1214 972 1390 1009 conficiam
1418 971 1503 1007 nibil
1529 974 1636 1007 restat

242 1040 311 1074 nisi
336 1042 375 1074 ut
399 1049 517 1074 eorum
543 1037 786 1073 adiectivorum
813 1039 848 1071 et
864 1034 1101 1070 adverbiorum
1122 1043 1392 1080 synonymorum
1411 1043 1498 1077 quae
1516 1043 1636 1078 super-

244 1100 325 1133 sunt
357 1107 465 1144 pauoa
495 1095 652 1142 exempla
684 1095 831 1130 breviter
862 1103 1069 1129 enumerem.
1121 1092 1148 1126 E
1176 1092 1262 1127 libro
1289 1091 1401 1137 primo
1426 1094 1559 1125 restant
1584 1102 1633 1125 vs.

245 1155 353 1203 22123
386 1169 447 1191 nec
476 1158 549 1191 sine
580 1162 611 1190 te
641 1154 801 1199 (Venere)
833 1155 1017 1200 quicquam
1045 1172 1076 1176 —v
1114 1152 1286 1186 Eoeom'tur
1310 1163 1418 1197 neque
1437 1152 1484 1200 fit
1510 1151 1634 1185 laetum

243 1228 352 1263 neque
376 1215 523 1250 amabile
548 1215 753 1261 quiequam3
779 1213 903 1247 laetum
928 1211 1017 1246 enim
1038 1210 1092 1245 hie
1109 1210 1245 1245 videtur
1262 1220 1329 1244 non
1349 1209 1433 1244 illud
1452 1220 1525 1245 esse
1543 1210 1633 1256 quod

244 1275 370 1320 gaudet
395 1273 530 1317 (Munro
556 1273 660 1309 vertit
684 1272 777 1317 glad)
802 1271 861 1307 sed
887 1270 977 1317 quod
997 1270 1159 1315 gaudium
1178 1272 1279 1316 parat
1296 1280 1405 1315 neque
1422 1269 1528 1314 igitur
1545 1269 1633 1305 mul-

244 1337 316 1369 tum
343 1332 479 1368 differre
504 1332 546 1367 ab
572 1331 791 1367 amabilitatis
817 1330 870 1365 vel
895 1330 1022 1376 leporis
1048 1330 1186 1364 notione
1213 1340 1279 1374 quo
1306 1332 1344 1363 ut
1368 1340 1505 1364 carmen
1533 1340 1632 1364 suum

244 1391 427 1439 perfundat
452 1395 553 1438 poeta
577 1402 598 1426 a
625 1390 752 1426 Venere
779 1389 876 1425 valde
899 1390 1002 1436 petit;
1028 1388 1150 1424 deinde
1167 1399 1210 1423 ex
1228 1387 1315 1423 libro
1334 1388 1441 1423 altero
1460 1387 1633 1424 afferenda

244 1453 325 1486 sunt
356 1451 459 1486 verba
489 1457 549 1486 aut
569 1450 682 1497 foeda
712 1451 822 1496 speeie
852 1450 925 1483 dim‘
954 1455 1137 1495 turpesque
1165 1449 1325 1482 violentur
1356 1447 1392 1481 in
1429 1458 1459 1482 v.
1493 1448 1563 1482 421
1598 1452 1632 1483 et

242 1511 345 1545 mixti
375 1529 418 1534 —-
452 1510 571 1545 odores
601 1508 825 1555 Coneoctique
857 1508 892 1543 in
925 1518 974 1543 vs.
1008 1507 1156 1552 852s53‚
1197 1517 1239 1542 ex
1271 1506 1359 1541 libro
1390 1507 1491 1541 tertio
1526 1518 1556 1543 v.
1583 1507 1631 1543 40

243 1568 401 1612 (nullam)
432 1570 638 1615 voluptatem
669 1569 840 1614 liquidam
865 1579 1063 1613 puramque
1090 1567 1271 1612 relinquit,
1304 1566 1425 1610 quibus
1452 1565 1629 1601 adieetivis

241 1627 430 1663 coniunctis
456 1628 558 1663 etiam
585 1625 703 1662 Cicero
729 1626 837 1662 utitur
863 1626 898 1660 in
924 1625 1076 1660 oratione
1103 1635 1165 1670 pro
1191 1623 1336 1660 Caecina
1363 1625 1420 1666 27,
1449 1625 1493 1660 78
1519 1632 1558 1660 ut
1583 1644 1627 1649 —

237 1698 368 1732 purum
405 1693 436 1721 te
461 1687 697 1732 liquidumque
729 1686 871 1720 haurire
903 1686 1048 1725 sentiam
1085 1683 1223 1719 uberius
1256 1683 1379 1719 deinde
1410 1685 1512 1719 etiam
1543 1685 1627 1720 illud

241 1743 370 1779 dietum
403 1743 536 1779 videtur
566 1743 601 1778 in
633 1755 664 1778 v.
693 1742 828 1778 111447
859 1754 941 1777 nam
964 1743 1055 1777 velut
1077 1742 1212 1786 infirmo
1236 1744 1339 1789 pueri
1362 1749 1542 1790 teneroque
1565 1757 1627 1778 va-

238 1810 369 1850 μαπέειν
392 1803 544 1851 Corpore
552 1817 563 1845 ,-
589 1814 668 1838 nam
694 1802 730 1837 in
755 1805 874 1837 tenero
899 1812 1041 1847 corpore
1064 1801 1146 1837 item
1174 1801 1263 1836 inest
1287 1801 1380 1837 notio
1404 1800 1626 1848 infirmitatis,

242 1864 277 1896 et
302 1860 444 1896 Ovidius
469 1862 505 1895 in
530 1860 613 1895 Met.
639 1861 725 1896 libro
751 1860 860 1895 V11v.
879 1861 949 1894 319
976 1860 1093 1894 eadem
1120 1861 1288 1895 sententia
1313 1861 1355 1895 de
1380 1868 1491 1896 tenero
1510 1862 1628 1896 balatu

240 1919 404 1967 loquitur.
460 1919 498 1955 In
531 1918 682 1955 eiusdem
714 1918 793 1954 libri
825 1917 871 1954 111
900 1929 1000 1954 versu
1032 1918 1103 1955 860
1134 1920 1255 1955 misere
1286 1921 1319 1955 ei
1336 1919 1435 1967 forte
1460 1932 1627 1969 aeqreque

229 1981 430 2025 futurumst
459 1979 590 2014 duobus
622 1978 791 2013 adverbiis
825 1978 1125 2024 quoqueeandem
1150 1979 1222 2014 fere
1247 1980 1453 2015 sententiam
1478 1980 1626 2025 exprimi

240 2037 460 2073 manifestum
493 2047 567 2072 esse
600 2037 765 2072 videatur.
796 2057 842 2061 ——
869 2036 939 2072 Iam
967 2037 1001 2071 in
1027 2036 1113 2072 libro
1140 2037 1185 2072 IV
1210 2040 1331 2072 extant
1356 2037 1489 2073 abunde
1514 2038 1626 2083 posita

239 2096 344 2133 verba
372 2099 404 2132 ie
437 2109 571 2144 quoque
603 2098 692 2132 enim
722 2097 858 2144 duplici
883 2098 1087 2144 qeminoque
1104 2097 1149 2142 fit
1172 2099 1250 2132 aere
1273 2098 1368 2132 visus
1395 2097 1443 2140 (in
1468 2108 1500 2132 v.
1528 2097 1625 2143 273),

239 2155 282 2190 de
306 2166 373 2200 qua
400 2166 494 2190 mera
518 2155 705 2199 tautologia
729 2156 883 2190 conferas
910 2154 1087 2190 Munronis
1112 2158 1228 2190 notam
1250 2159 1284 2190 et
1299 2155 1431 2190 utiliter
1447 2166 1624 2202 compara-

240 2214 331 2250 bitur
363 2214 465 2250 etiam
493 2213 623 2259 Vergili
648 2225 765 2250 versus
790 2214 826 2249 in
852 2213 1023 2250 Aeneidos
1048 2213 1136 2249 libro
1162 2216 1283 2260 quarto
1307 2215 1379 2251 470
1406 2214 1513 2259 (videt
1536 2214 1624 2252 Pen-

240 2273 350 2317 theus)
377 2275 481 2309 eolem
502 2276 676 2321 qeminum
702 2282 732 2310 et
756 2276 905 2321 duplicis
930 2287 965 2309 ee
991 2275 1163 2309 ostendere
1192 2274 1225 2309 T
1223 2274 1345 2317 hebae3
1382 2275 1483 2310 etiam
1510 2276 1546 2311 in
1572 2287 1621 2312 vs.

240 2329 369 2377 518119
401 2332 550 2369 eiusdem
584 2332 663 2368 libri
689 2332 735 2368 IV
765 2335 815 2369 eie
845 2335 955 2380 iqitur
986 2334 1076 2368 ratio
1103 2333 1166 2367 tibi
1187 2345 1303 2368 rerum
1322 2346 1439 2380 prava
1462 2345 1624 2373 neeeeeeet

239 2389 414 2438 Falsaque
445 2394 490 2428 eit
519 2392 696 2428 adiectivis
725 2406 857 2441 pravus
883 2397 917 2427 et
931 2392 1052 2439 falsus
1078 2392 1196 2428 eadem
1221 2393 1390 2429 sententia
1415 2395 1619 2433 enuntiatur.

240 2470 288 2476 —-
313 2449 396 2484 Item
422 2451 457 2485 in
488 2451 565 2487 libri
592 2453 701 2498 quinti
727 2464 777 2487 vs.
804 2453 827 2488 5
846 2460 987 2500 pectore
1006 2459 1115 2501 parta
1138 2465 1200 2488 suo
1226 2455 1447 2503 quaesitaque
1458 2460 1621 2503 praemia
