<?xml version="1.0" encoding="UTF-8"?>
<!DOCTYPE html PUBLIC "-//W3C//DTD XHTML 1.0 Transitional//EN"
    "http://www.w3.org/TR/xhtml1/DTD/xhtml1-transitional.dtd">
<html xmlns="http://www.w3.org/1999/xhtml" xml:lang="en" lang="en">
 <head>
  <title>
</title>
<meta http-equiv="Content-Type" content="text/html;charset=utf-8" />
  <meta name='ocr-system' content='tesseract 3.04.00' />
  <meta name='ocr-capabilities' content='ocr_page ocr_carea ocr_par ocr_line ocrx_word'/>
</head>
<body>
  <div class='ocr_page' id='page_1' title='image "./4771754_0066.png"; bbox 0 0 1835 2765; ppageno 0'>
   <div class='ocr_carea' id='block_1_1' title="bbox 884 87 931 122">
    <p class='ocr_par' dir='ltr' id='par_1_1' title="bbox 884 87 931 122">
     <span class='ocr_line' id='line_1_1' title="bbox 884 87 931 122; baseline -0.021 0"><span class='ocrx_word' id='word_1_1' title='bbox 884 87 931 122; x_wconf 89' lang='lat'><strong>54</strong></span> 
     </span>
    </p>
   </div>
   <div class='ocr_carea' id='block_1_2' title="bbox 197 183 1607 2527">
    <p class='ocr_par' dir='ltr' id='par_1_2' title="bbox 197 183 1607 2527">
     <span class='ocr_line' id='line_1_2' title="bbox 199 183 1607 232; baseline -0.001 -10"><span class='ocrx_word' id='word_1_2' title='bbox 199 200 229 222; x_wconf 91' lang='lat' dir='ltr'><strong>v.</strong></span> <span class='ocrx_word' id='word_1_3' title='bbox 265 188 335 223; x_wconf 85' lang='lat'><strong>233</strong></span> <span class='ocrx_word' id='word_1_4' title='bbox 367 187 505 232; x_wconf 75' lang='lat' dir='ltr'><strong>infinita</strong></span> <span class='ocrx_word' id='word_1_5' title='bbox 536 193 632 222; x_wconf 81' lang='lat' dir='ltr'><strong>aetas</strong></span> <span class='ocrx_word' id='word_1_6' title='bbox 665 206 708 209; x_wconf 96' lang='lat'><strong>—</strong></span> <span class='ocrx_word' id='word_1_7' title='bbox 745 193 824 221; x_wconf 81' lang='lat' dir='ltr'><strong>ante</strong></span> <span class='ocrx_word' id='word_1_8' title='bbox 855 194 933 221; x_wconf 79' lang='lat' dir='ltr'><strong>aeta</strong></span> <span class='ocrx_word' id='word_1_9' title='bbox 964 184 1118 231; x_wconf 78' lang='lat' dir='ltr'><strong>diesque)</strong></span> <span class='ocrx_word' id='word_1_10' title='bbox 1152 183 1303 230; x_wconf 83' lang='lat' dir='ltr'><strong>pendent</strong></span> <span class='ocrx_word' id='word_1_11' title='bbox 1333 183 1395 219; x_wconf 88' lang='lat' dir='ltr'><strong>illa</strong></span> <span class='ocrx_word' id='word_1_12' title='bbox 1427 191 1505 219; x_wconf 78' lang='lat' dir='ltr'><strong>ante</strong></span> <span class='ocrx_word' id='word_1_13' title='bbox 1536 186 1607 220; x_wconf 81' lang='lat' dir='ltr'><strong>acti</strong></span> 
     </span>
     <span class='ocr_line' id='line_1_3' title="bbox 198 240 1604 294; baseline -0.004 -13"><span class='ocrx_word' id='word_1_14' title='bbox 198 247 363 293; x_wconf 71' lang='lat' dir='ltr'><strong>temporis</strong></span> <span class='ocrx_word' id='word_1_15' title='bbox 397 247 525 289; x_wconf 70' lang='lat' dir='ltr'><strong>omnis,</strong></span> <span class='ocrx_word' id='word_1_16' title='bbox 562 244 660 290; x_wconf 87' lang='lat' dir='ltr'><strong>quasi</strong></span> <span class='ocrx_word' id='word_1_17' title='bbox 687 244 797 279; x_wconf 85' lang='lat' dir='ltr'><strong>dicas:</strong></span> <span class='ocrx_word' id='word_1_18' title='bbox 836 246 972 294; x_wconf 78' lang='lat' dir='ltr'><strong>infinite</strong></span> <span class='ocrx_word' id='word_1_19' title='bbox 997 245 1101 290; x_wconf 73' lang='lat' dir='ltr'><strong>Zonya</strong></span> <span class='ocrx_word' id='word_1_20' title='bbox 1127 241 1220 287; x_wconf 89' lang='lat' dir='ltr'><strong>(vide</strong></span> <span class='ocrx_word' id='word_1_21' title='bbox 1247 253 1324 287; x_wconf 87' lang='lat' dir='ltr'><strong>pag.</strong></span> <span class='ocrx_word' id='word_1_22' title='bbox 1353 240 1415 287; x_wconf 98' lang='lat'><strong>38)</strong></span> <span class='ocrx_word' id='word_1_23' title='bbox 1441 244 1604 288; x_wconf 74' lang='lat' dir='ltr'><strong>temporis</strong></span> 
     </span>
     <span class='ocr_line' id='line_1_4' title="bbox 198 299 1604 352; baseline -0.004 -12"><span class='ocrx_word' id='word_1_24' title='bbox 198 311 293 340; x_wconf 71' lang='lat' dir='ltr'><strong>aetae</strong></span> <span class='ocrx_word' id='word_1_25' title='bbox 319 305 539 352; x_wconf 75' lang='lat' dir='ltr'><em>superiorum</em></span> <span class='ocrx_word' id='word_1_26' title='bbox 565 304 782 339; x_wconf 81' lang='lat' dir='ltr'><strong>saeculorum</strong></span> <span class='ocrx_word' id='word_1_27' title='bbox 809 305 970 339; x_wconf 83' lang='lat' dir='ltr'><strong>omnium.</strong></span> <span class='ocrx_word' id='word_1_28' title='bbox 1020 301 1138 348; x_wconf 88' lang='lat' dir='ltr'><strong>Itaque</strong></span> <span class='ocrx_word' id='word_1_29' title='bbox 1165 312 1232 337; x_wconf 90' lang='lat' dir='ltr'><strong>non</strong></span> <span class='ocrx_word' id='word_1_30' title='bbox 1260 299 1370 335; x_wconf 86' lang='lat' dir='ltr'><strong>solum</strong></span> <span class='ocrx_word' id='word_1_31' title='bbox 1397 299 1500 335; x_wconf 80' lang='lat' dir='ltr'><strong>Fabri</strong></span> <span class='ocrx_word' id='word_1_32' title='bbox 1527 310 1604 334; x_wconf 82' lang='lat' dir='ltr'><strong>oon-</strong></span> 
     </span>
     <span class='ocr_line' id='line_1_5' title="bbox 197 359 1605 409; baseline -0.004 -11"><span class='ocrx_word' id='word_1_33' title='bbox 197 363 329 399; x_wconf 85' lang='lat' dir='ltr'><strong>iectura</strong></span> <span class='ocrx_word' id='word_1_34' title='bbox 358 364 431 398; x_wconf 80' lang='lat' dir='ltr'><strong>dies</strong></span> <span class='ocrx_word' id='word_1_35' title='bbox 465 371 496 398; x_wconf 80' lang='lat' dir='ltr'><strong>et</strong></span> <span class='ocrx_word' id='word_1_36' title='bbox 522 364 594 409; x_wconf 88' lang='lat' dir='ltr'><strong>Inf.</strong></span> <span class='ocrx_word' id='word_1_37' title='bbox 629 370 723 398; x_wconf 76' lang='lat' dir='ltr'><strong>aetas</strong></span> <span class='ocrx_word' id='word_1_38' title='bbox 756 363 849 398; x_wconf 84' lang='lat' dir='ltr'><strong>cadit</strong></span> <span class='ocrx_word' id='word_1_39' title='bbox 880 363 938 397; x_wconf 90' lang='lat' dir='ltr'><strong>sed</strong></span> <span class='ocrx_word' id='word_1_40' title='bbox 973 362 1077 397; x_wconf 88' lang='lat' dir='ltr'><strong>etiam</strong></span> <span class='ocrx_word' id='word_1_41' title='bbox 1109 361 1199 406; x_wconf 92' lang='lat' dir='ltr'><strong>quod</strong></span> <span class='ocrx_word' id='word_1_42' title='bbox 1236 359 1408 406; x_wconf 88' lang='lat' dir='ltr'><strong>Sauppius</strong></span> <span class='ocrx_word' id='word_1_43' title='bbox 1441 360 1514 394; x_wconf 87' lang='lat' dir='ltr'><strong>sine</strong></span> <span class='ocrx_word' id='word_1_44' title='bbox 1545 359 1605 394; x_wconf 85' lang='lat' dir='ltr'><strong>illa</strong></span> 
     </span>
     <span class='ocr_line' id='line_1_6' title="bbox 198 416 1603 469; baseline -0.004 -12"><span class='ocrx_word' id='word_1_45' title='bbox 198 420 390 469; x_wconf 82' lang='lat' dir='ltr'>particulae</span> <span class='ocrx_word' id='word_1_46' title='bbox 416 429 447 458; x_wconf 80' lang='lat' dir='ltr'><strong>et</strong></span> <span class='ocrx_word' id='word_1_47' title='bbox 473 421 563 457; x_wconf 85' lang='lat' dir='ltr'><strong>male</strong></span> <span class='ocrx_word' id='word_1_48' title='bbox 589 422 625 457; x_wconf 92' lang='lat' dir='ltr'><strong>in</strong></span> <span class='ocrx_word' id='word_1_49' title='bbox 651 421 718 457; x_wconf 87' lang='lat' dir='ltr'><strong>fine</strong></span> <span class='ocrx_word' id='word_1_50' title='bbox 745 421 936 457; x_wconf 79' lang='lat' dir='ltr'><strong>hexametri</strong></span> <span class='ocrx_word' id='word_1_51' title='bbox 965 420 1097 468; x_wconf 79' lang='lat' dir='ltr'>positae</span> <span class='ocrx_word' id='word_1_52' title='bbox 1125 418 1312 455; x_wconf 87' lang='lat' dir='ltr'><strong>offensione</strong></span> <span class='ocrx_word' id='word_1_53' title='bbox 1338 420 1536 454; x_wconf 81' lang='lat' dir='ltr'><strong>correxerat</strong></span> <span class='ocrx_word' id='word_1_54' title='bbox 1553 416 1603 463; x_wconf 92' lang='lat' dir='ltr'><strong>(in</strong></span> 
     </span>
     <span class='ocr_line' id='line_1_7' title="bbox 198 480 1605 529; baseline -0.004 -12"><span class='ocrx_word' id='word_1_55' title='bbox 198 481 312 517; x_wconf 81' lang='lat' dir='ltr'><strong>indice</strong></span> <span class='ocrx_word' id='word_1_56' title='bbox 349 481 495 517; x_wconf 84' lang='lat' dir='ltr'><strong>scholar.</strong></span> <span class='ocrx_word' id='word_1_57' title='bbox 536 480 709 525; x_wconf 85' lang='lat' dir='ltr'><strong>Goetting.</strong></span> <span class='ocrx_word' id='word_1_58' title='bbox 751 480 858 525; x_wconf 89' lang='lat'>1880)</span> <span class='ocrx_word' id='word_1_59' title='bbox 899 482 1004 527; x_wconf 70' lang='lat' dir='ltr'><strong>lonqa</strong></span> <span class='ocrx_word' id='word_1_60' title='bbox 1037 482 1110 515; x_wconf 76' lang='lat' dir='ltr'><strong>dies</strong></span> <span class='ocrx_word' id='word_1_61' title='bbox 1142 482 1180 515; x_wconf 88' lang='lat' dir='ltr'><strong>in</strong></span> <span class='ocrx_word' id='word_1_62' title='bbox 1208 480 1354 529; x_wconf 80' lang='lat' dir='ltr'><strong>Infinita</strong></span> <span class='ocrx_word' id='word_1_63' title='bbox 1387 485 1496 513; x_wconf 79' lang='lat' dir='ltr'><strong>aetate</strong></span> <span class='ocrx_word' id='word_1_64' title='bbox 1528 484 1605 513; x_wconf 78' lang='lat' dir='ltr'><strong>ante</strong></span> 
     </span>
     <span class='ocr_line' id='line_1_8' title="bbox 199 536 1605 577; baseline -0.004 0"><span class='ocrx_word' id='word_1_65' title='bbox 199 555 231 576; x_wconf 85' lang='lat' dir='ltr'><strong>a.</strong></span> <span class='ocrx_word' id='word_1_66' title='bbox 265 548 289 577; x_wconf 79' lang='lat' dir='ltr'><strong>t.</strong></span> <span class='ocrx_word' id='word_1_67' title='bbox 320 554 349 576; x_wconf 90' lang='lat' dir='ltr'><strong>o.</strong></span> <span class='ocrx_word' id='word_1_68' title='bbox 383 540 563 576; x_wconf 84' lang='lat' dir='ltr'><strong>reioiemus</strong></span> <span class='ocrx_word' id='word_1_69' title='bbox 596 542 629 574; x_wconf 88' lang='lat' dir='ltr'><strong>et</strong></span> <span class='ocrx_word' id='word_1_70' title='bbox 663 539 826 574; x_wconf 85' lang='lat' dir='ltr'><strong>traditam</strong></span> <span class='ocrx_word' id='word_1_71' title='bbox 860 538 1042 573; x_wconf 83' lang='lat' dir='ltr'><strong>lectionem</strong></span> <span class='ocrx_word' id='word_1_72' title='bbox 1084 538 1309 573; x_wconf 87' lang='lat' dir='ltr'><strong>servabimus.</strong></span> <span class='ocrx_word' id='word_1_73' title='bbox 1347 556 1388 560; x_wconf 93' lang='lat'><em>—</em></span> <span class='ocrx_word' id='word_1_74' title='bbox 1422 536 1605 572; x_wconf 85' lang='lat' dir='ltr'><strong>Praeterea</strong></span> 
     </span>
     <span class='ocr_line' id='line_1_9' title="bbox 200 596 1605 646; baseline -0.004 -10"><span class='ocrx_word' id='word_1_75' title='bbox 200 603 302 646; x_wconf 88' lang='lat' dir='ltr'><strong>poeta</strong></span> <span class='ocrx_word' id='word_1_76' title='bbox 328 611 404 635; x_wconf 85' lang='lat' dir='ltr'><strong>eum</strong></span> <span class='ocrx_word' id='word_1_77' title='bbox 430 599 514 633; x_wconf 76' lang='lat' dir='ltr'><strong>dicit</strong></span> <span class='ocrx_word' id='word_1_78' title='bbox 540 597 569 632; x_wconf 91' lang='lat' dir='ltr'><strong>V</strong></span> <span class='ocrx_word' id='word_1_79' title='bbox 597 598 666 633; x_wconf 88' lang='grc'><strong>882</strong></span> <span class='ocrx_word' id='word_1_80' title='bbox 695 596 809 643; x_wconf 89' lang='lat' dir='ltr'><strong>(puer)</strong></span> <span class='ocrx_word' id='word_1_81' title='bbox 837 597 944 632; x_wconf 86' lang='lat' dir='ltr'><strong>ubera</strong></span> <span class='ocrx_word' id='word_1_82' title='bbox 970 610 1201 632; x_wconf 84' lang='lat' dir='ltr'><strong>mammarum</strong></span> <span class='ocrx_word' id='word_1_83' title='bbox 1226 600 1263 632; x_wconf 86' lang='lat' dir='ltr'><strong>in</strong></span> <span class='ocrx_word' id='word_1_84' title='bbox 1290 599 1418 633; x_wconf 80' lang='lat' dir='ltr'><strong>somnis</strong></span> <span class='ocrx_word' id='word_1_85' title='bbox 1440 597 1605 632; x_wconf 75' lang='lat' dir='ltr'><strong>lactantia</strong></span> 
     </span>
     <span class='ocr_line' id='line_1_10' title="bbox 202 654 1605 706; baseline -0.004 -12"><span class='ocrx_word' id='word_1_86' title='bbox 202 666 341 706; x_wconf 76' lang='lat' dir='ltr'><strong>quaeret</strong></span> <span class='ocrx_word' id='word_1_87' title='bbox 371 657 455 692; x_wconf 91' lang='lat' dir='ltr'><strong>nihil</strong></span> <span class='ocrx_word' id='word_1_88' title='bbox 488 656 580 691; x_wconf 88' lang='lat' dir='ltr'><strong>aliud</strong></span> <span class='ocrx_word' id='word_1_89' title='bbox 613 667 716 701; x_wconf 83' lang='lat' dir='ltr'><strong>quam</strong></span> <span class='ocrx_word' id='word_1_90' title='bbox 749 655 892 690; x_wconf 88' lang='lat' dir='ltr'><strong>eandem</strong></span> <span class='ocrx_word' id='word_1_91' title='bbox 920 666 992 690; x_wconf 87' lang='lat' dir='ltr'><strong>rem</strong></span> <span class='ocrx_word' id='word_1_92' title='bbox 1022 655 1073 690; x_wconf 91' lang='lat' dir='ltr'><strong>bis</strong></span> <span class='ocrx_word' id='word_1_93' title='bbox 1101 655 1266 701; x_wconf 86' lang='lat' dir='ltr'><strong>exprimit</strong></span> <span class='ocrx_word' id='word_1_94' title='bbox 1292 656 1479 701; x_wconf 89' lang='lat' dir='ltr'><strong>eodemque</strong></span> <span class='ocrx_word' id='word_1_95' title='bbox 1505 654 1605 689; x_wconf 91' lang='lat' dir='ltr'><strong>modo</strong></span> 
     </span>
     <span class='ocr_line' id='line_1_11' title="bbox 201 714 1604 761; baseline -0.002 -8"><span class='ocrx_word' id='word_1_96' title='bbox 201 717 331 753; x_wconf 88' lang='lat' dir='ltr'><strong>Gellius</strong></span> <span class='ocrx_word' id='word_1_97' title='bbox 362 717 396 752; x_wconf 90' lang='lat' dir='ltr'><strong>in</strong></span> <span class='ocrx_word' id='word_1_98' title='bbox 431 716 633 751; x_wconf 88' lang='lat' dir='ltr'><strong>duodecimo</strong></span> <span class='ocrx_word' id='word_1_99' title='bbox 667 714 828 750; x_wconf 74' lang='lat' dir='ltr'><strong>Noctium</strong></span> <span class='ocrx_word' id='word_1_100' title='bbox 856 715 1052 750; x_wconf 79' lang='lat' dir='ltr'><strong>Atticarum</strong></span> <span class='ocrx_word' id='word_1_101' title='bbox 1079 714 1184 760; x_wconf 83' lang='lat' dir='ltr'><strong>libro,</strong></span> <span class='ocrx_word' id='word_1_102' title='bbox 1212 725 1286 761; x_wconf 80' lang='lat' dir='ltr'><strong>cap.</strong></span> <span class='ocrx_word' id='word_1_103' title='bbox 1317 716 1348 760; x_wconf 89' lang='lat'>1,</span> <span class='ocrx_word' id='word_1_104' title='bbox 1377 716 1396 751; x_wconf 96' lang='lat'>7</span> <span class='ocrx_word' id='word_1_105' title='bbox 1425 728 1471 750; x_wconf 88' lang='lat' dir='ltr'><strong>an</strong></span> <span class='ocrx_word' id='word_1_106' title='bbox 1496 721 1533 750; x_wconf 78' lang='lat' dir='ltr'><strong>tu</strong></span> <span class='ocrx_word' id='word_1_107' title='bbox 1560 733 1604 738; x_wconf 79' lang='lat'><strong>--</strong></span> 
     </span>
     <span class='ocr_line' id='line_1_12' title="bbox 201 775 1606 824; baseline -0.001 -14"><span class='ocrx_word' id='word_1_108' title='bbox 201 784 305 824; x_wconf 64' lang='lat' dir='ltr'><strong>putas</strong></span> <span class='ocrx_word' id='word_1_109' title='bbox 331 783 494 810; x_wconf 80' lang='lat' dir='ltr'><strong>naturam</strong></span> <span class='ocrx_word' id='word_1_110' title='bbox 509 776 658 821; x_wconf 73' lang='lat' dir='ltr'><strong>feminis</strong></span> <span class='ocrx_word' id='word_1_111' title='bbox 685 788 917 810; x_wconf 81' lang='lat' dir='ltr'><strong>mammarum</strong></span> <span class='ocrx_word' id='word_1_112' title='bbox 942 775 1049 809; x_wconf 80' lang='lat' dir='ltr'><strong>ubera</strong></span> <span class='ocrx_word' id='word_1_113' title='bbox 1076 794 1120 797; x_wconf 42' lang='lat' dir='ltr'>ff</span> <span class='ocrx_word' id='word_1_114' title='bbox 1148 787 1217 809; x_wconf 77' lang='lat' dir='ltr'><strong>non</strong></span> <span class='ocrx_word' id='word_1_115' title='bbox 1242 775 1386 809; x_wconf 83' lang='lat' dir='ltr'><strong>liberum</strong></span> <span class='ocrx_word' id='word_1_116' title='bbox 1404 775 1606 809; x_wconf 83' lang='lat' dir='ltr'><strong>alendorum</strong></span> 
     </span>
     <span class='ocr_line' id='line_1_13' title="bbox 201 831 1605 880; baseline -0.001 -11"><span class='ocrx_word' id='word_1_117' title='bbox 201 836 261 869; x_wconf 74' lang='lat' dir='ltr'><strong>sed</strong></span> <span class='ocrx_word' id='word_1_118' title='bbox 287 835 439 869; x_wconf 84' lang='lat' dir='ltr'><strong>ornandi</strong></span> <span class='ocrx_word' id='word_1_119' title='bbox 459 835 610 880; x_wconf 74' lang='lat' dir='ltr'><strong>pectoris</strong></span> <span class='ocrx_word' id='word_1_120' title='bbox 636 846 743 868; x_wconf 67' lang='lat' dir='ltr'><strong>cauea</strong></span> <span class='ocrx_word' id='word_1_121' title='bbox 770 834 941 877; x_wconf 44' lang='lat' dir='ltr'><strong>dedisse&amp;</strong></span> <span class='ocrx_word' id='word_1_122' title='bbox 970 844 1032 868; x_wconf 84' lang='lat' dir='ltr'><strong>nee</strong></span> <span class='ocrx_word' id='word_1_123' title='bbox 1061 833 1169 877; x_wconf 89' lang='lat' dir='ltr'><strong>video,</strong></span> <span class='ocrx_word' id='word_1_124' title='bbox 1198 833 1254 878; x_wconf 91' lang='lat' dir='ltr'><strong>qui</strong></span> <span class='ocrx_word' id='word_1_125' title='bbox 1273 831 1503 868; x_wconf 87' lang='lat' dir='ltr'><strong>Wakefieldus</strong></span> <span class='ocrx_word' id='word_1_126' title='bbox 1522 832 1605 866; x_wconf 80' lang='lat' dir='ltr'><strong>haee</strong></span> 
     </span>
     <span class='ocr_line' id='line_1_14' title="bbox 201 889 1605 940; baseline -0.001 -12"><span class='ocrx_word' id='word_1_127' title='bbox 201 893 308 928; x_wconf 90' lang='lat' dir='ltr'><strong>ubera</strong></span> <span class='ocrx_word' id='word_1_128' title='bbox 323 893 480 940; x_wconf 68' lang='lat' dir='ltr'><strong>papillae</strong></span> <span class='ocrx_word' id='word_1_129' title='bbox 498 905 728 928; x_wconf 83' lang='lat' dir='ltr'><strong>mammarum</strong></span> <span class='ocrx_word' id='word_1_130' title='bbox 747 892 898 938; x_wconf 87' lang='lat' dir='ltr'><strong>potuerit</strong></span> <span class='ocrx_word' id='word_1_131' title='bbox 915 891 1115 936; x_wconf 85' lang='lat' dir='ltr'><strong>intellegere</strong></span> <span class='ocrx_word' id='word_1_132' title='bbox 1133 889 1191 937; x_wconf 87' lang='lat' dir='ltr'><strong>(ef.</strong></span> <span class='ocrx_word' id='word_1_133' title='bbox 1211 902 1298 937; x_wconf 86' lang='lat' dir='ltr'><strong>quae</strong></span> <span class='ocrx_word' id='word_1_134' title='bbox 1315 891 1357 927; x_wconf 89' lang='lat' dir='ltr'><strong>de</strong></span> <span class='ocrx_word' id='word_1_135' title='bbox 1376 902 1415 927; x_wconf 90' lang='lat' dir='ltr'><strong>ea</strong></span> <span class='ocrx_word' id='word_1_136' title='bbox 1434 902 1470 927; x_wconf 90' lang='lat' dir='ltr'><strong>re</strong></span> <span class='ocrx_word' id='word_1_137' title='bbox 1488 890 1605 937; x_wconf 89' lang='lat' dir='ltr'><strong>dispu-</strong></span> 
     </span>
     <span class='ocr_line' id='line_1_15' title="bbox 202 947 1607 996; baseline -0.001 -10"><span class='ocrx_word' id='word_1_138' title='bbox 202 952 290 986; x_wconf 84' lang='lat' dir='ltr'><strong>tavit</strong></span> <span class='ocrx_word' id='word_1_139' title='bbox 315 947 578 986; x_wconf 80' lang='lat' dir='ltr'><strong>Doederleinius</strong></span> <span class='ocrx_word' id='word_1_140' title='bbox 604 951 626 986; x_wconf 93' lang='lat' dir='ltr'><strong>l.</strong></span> <span class='ocrx_word' id='word_1_141' title='bbox 645 951 667 986; x_wconf 92' lang='lat'><strong>1.</strong></span> <span class='ocrx_word' id='word_1_142' title='bbox 687 951 733 985; x_wconf 88' lang='lat' dir='ltr'><strong>IV</strong></span> <span class='ocrx_word' id='word_1_143' title='bbox 753 949 850 996; x_wconf 83' lang='lat'>333).</span> <span class='ocrx_word' id='word_1_144' title='bbox 895 951 1025 986; x_wconf 87' lang='lat' dir='ltr'><strong>Eadem</strong></span> <span class='ocrx_word' id='word_1_145' title='bbox 1053 951 1176 986; x_wconf 87' lang='lat' dir='ltr'><strong>deinde</strong></span> <span class='ocrx_word' id='word_1_146' title='bbox 1203 962 1290 996; x_wconf 87' lang='lat' dir='ltr'><strong>quae</strong></span> <span class='ocrx_word' id='word_1_147' title='bbox 1316 950 1369 985; x_wconf 88' lang='lat' dir='ltr'><strong>his</strong></span> <span class='ocrx_word' id='word_1_148' title='bbox 1393 950 1477 985; x_wconf 81' lang='lat' dir='ltr'><strong>loeis</strong></span> <span class='ocrx_word' id='word_1_149' title='bbox 1504 961 1607 985; x_wconf 88' lang='lat' dir='ltr'><strong>causa</strong></span> 
     </span>
     <span class='ocr_line' id='line_1_16' title="bbox 203 1009 1606 1056; baseline -0.001 -11"><span class='ocrx_word' id='word_1_150' title='bbox 203 1009 289 1045; x_wconf 91' lang='lat' dir='ltr'><strong>mihi</strong></span> <span class='ocrx_word' id='word_1_151' title='bbox 317 1010 454 1045; x_wconf 88' lang='lat' dir='ltr'><strong>videtur</strong></span> <span class='ocrx_word' id='word_1_152' title='bbox 481 1020 556 1045; x_wconf 89' lang='lat' dir='ltr'><strong>esse</strong></span> <span class='ocrx_word' id='word_1_153' title='bbox 582 1010 617 1044; x_wconf 91' lang='lat' dir='ltr'><strong>in</strong></span> <span class='ocrx_word' id='word_1_154' title='bbox 645 1009 756 1044; x_wconf 88' lang='lat' dir='ltr'><strong>verbis</strong></span> <span class='ocrx_word' id='word_1_155' title='bbox 784 1020 904 1044; x_wconf 89' lang='lat' dir='ltr'><strong>versus</strong></span> <span class='ocrx_word' id='word_1_156' title='bbox 934 1010 1025 1044; x_wconf 91' lang='lat'>1197</span> <span class='ocrx_word' id='word_1_157' title='bbox 1052 1009 1133 1044; x_wconf 90' lang='lat' dir='ltr'><strong>libri</strong></span> <span class='ocrx_word' id='word_1_158' title='bbox 1152 1009 1197 1044; x_wconf 95' lang='lat' dir='ltr'><strong>VI</strong></span> <span class='ocrx_word' id='word_1_159' title='bbox 1224 1022 1371 1056; x_wconf 83' lang='lat' dir='ltr'><strong>quorum</strong></span> <span class='ocrx_word' id='word_1_160' title='bbox 1397 1011 1430 1044; x_wconf 77' lang='lat' dir='ltr'><strong>si</strong></span> <span class='ocrx_word' id='word_1_161' title='bbox 1454 1011 1530 1055; x_wconf 73' lang='lat' dir='ltr'><strong>quie</strong></span> <span class='ocrx_word' id='word_1_162' title='bbox 1547 1010 1606 1043; x_wconf 74' lang='lat' dir='ltr'><strong>via:</strong></span> 
     </span>
     <span class='ocr_line' id='line_1_17' title="bbox 203 1067 1606 1114; baseline -0.001 -10"><span class='ocrx_word' id='word_1_163' title='bbox 203 1072 333 1105; x_wconf 80' lang='lat' dir='ltr'><strong>vitarat</strong></span> <span class='ocrx_word' id='word_1_164' title='bbox 353 1069 490 1114; x_wconf 87' lang='lat' dir='ltr'><strong>funera</strong></span> <span class='ocrx_word' id='word_1_165' title='bbox 521 1069 593 1112; x_wconf 80' lang='lat' dir='ltr'><strong>leti,</strong></span> <span class='ocrx_word' id='word_1_166' title='bbox 627 1068 685 1103; x_wconf 90' lang='lat' dir='ltr'><strong>ubi</strong></span> <span class='ocrx_word' id='word_1_167' title='bbox 718 1067 840 1103; x_wconf 91' lang='lat' dir='ltr'><strong>Munro</strong></span> <span class='ocrx_word' id='word_1_168' title='bbox 874 1068 959 1103; x_wconf 92' lang='lat' dir='ltr'><strong>illud</strong></span> <span class='ocrx_word' id='word_1_169' title='bbox 992 1070 1051 1103; x_wconf 82' lang='lat' dir='ltr'><strong>leti</strong></span> <span class='ocrx_word' id='word_1_170' title='bbox 1086 1068 1282 1112; x_wconf 87' lang='lat' dir='ltr'><strong>genetivum</strong></span> <span class='ocrx_word' id='word_1_171' title='bbox 1323 1067 1499 1113; x_wconf 84' lang='lat' dir='ltr'><strong>qualitatis</strong></span> <span class='ocrx_word' id='word_1_172' title='bbox 1533 1078 1606 1103; x_wconf 86' lang='lat' dir='ltr'><strong>esse</strong></span> 
     </span>
     <span class='ocr_line' id='line_1_18' title="bbox 206 1126 1606 1171; baseline -0.001 -8"><span class='ocrx_word' id='word_1_173' title='bbox 206 1127 392 1163; x_wconf 84' lang='lat' dir='ltr'><strong>existimat.</strong></span> <span class='ocrx_word' id='word_1_174' title='bbox 444 1126 513 1162; x_wconf 87' lang='lat' dir='ltr'><strong>Sed</strong></span> <span class='ocrx_word' id='word_1_175' title='bbox 543 1127 571 1161; x_wconf 94' lang='lat' dir='ltr'><strong>si</strong></span> <span class='ocrx_word' id='word_1_176' title='bbox 603 1129 694 1162; x_wconf 87' lang='lat' dir='ltr'><strong>recte</strong></span> <span class='ocrx_word' id='word_1_177' title='bbox 728 1126 856 1171; x_wconf 88' lang='lat' dir='ltr'><strong>sentio,</strong></span> <span class='ocrx_word' id='word_1_178' title='bbox 887 1126 941 1161; x_wconf 85' lang='lat' dir='ltr'><strong>hic</strong></span> <span class='ocrx_word' id='word_1_179' title='bbox 975 1137 1109 1171; x_wconf 91' lang='lat' dir='ltr'><strong>quoque</strong></span> <span class='ocrx_word' id='word_1_180' title='bbox 1130 1127 1268 1171; x_wconf 83' lang='lat' dir='ltr'><strong>funera</strong></span> <span class='ocrx_word' id='word_1_181' title='bbox 1300 1126 1359 1161; x_wconf 84' lang='lat' dir='ltr'><strong>Zeti</strong></span> <span class='ocrx_word' id='word_1_182' title='bbox 1387 1126 1503 1161; x_wconf 88' lang='lat' dir='ltr'><strong>eadem</strong></span> <span class='ocrx_word' id='word_1_183' title='bbox 1531 1137 1606 1161; x_wconf 89' lang='lat' dir='ltr'><strong>sen-</strong></span> 
     </span>
     <span class='ocr_line' id='line_1_19' title="bbox 205 1184 1604 1232; baseline -0.001 -10"><span class='ocrx_word' id='word_1_184' title='bbox 205 1186 315 1223; x_wconf 87' lang='lat' dir='ltr'><strong>tentia</strong></span> <span class='ocrx_word' id='word_1_185' title='bbox 352 1189 453 1232; x_wconf 84' lang='lat' dir='ltr'><strong>atque</strong></span> <span class='ocrx_word' id='word_1_186' title='bbox 480 1186 595 1231; x_wconf 70' lang='lat' dir='ltr'><strong>funus</strong></span> <span class='ocrx_word' id='word_1_187' title='bbox 630 1199 672 1221; x_wconf 78' lang='lat' dir='ltr'><strong>ac</strong></span> <span class='ocrx_word' id='word_1_188' title='bbox 703 1186 806 1221; x_wconf 83' lang='lat' dir='ltr'><strong>letum</strong></span> <span class='ocrx_word' id='word_1_189' title='bbox 837 1185 949 1232; x_wconf 87' lang='lat' dir='ltr'><strong>posita</strong></span> <span class='ocrx_word' id='word_1_190' title='bbox 980 1188 1075 1230; x_wconf 88' lang='lat' dir='ltr'><strong>sunt,</strong></span> <span class='ocrx_word' id='word_1_191' title='bbox 1115 1188 1153 1220; x_wconf 94' lang='lat' dir='ltr'><strong>ut</strong></span> <span class='ocrx_word' id='word_1_192' title='bbox 1188 1196 1306 1221; x_wconf 90' lang='lat' dir='ltr'><strong>versus</strong></span> <span class='ocrx_word' id='word_1_193' title='bbox 1341 1185 1463 1232; x_wconf 85' lang='lat' dir='ltr'><strong>plenus</strong></span> <span class='ocrx_word' id='word_1_194' title='bbox 1495 1184 1604 1222; x_wconf 86' lang='lat' dir='ltr'><strong>fieret.</strong></span> 
     </span>
     <span class='ocr_line' id='line_1_20' title="bbox 206 1244 1605 1290; baseline -0.001 -10"><span class='ocrx_word' id='word_1_195' title='bbox 206 1245 342 1280; x_wconf 80' lang='lat' dir='ltr'><strong>Funere</strong></span> <span class='ocrx_word' id='word_1_196' title='bbox 368 1244 457 1279; x_wconf 89' lang='lat' dir='ltr'><strong>enim</strong></span> <span class='ocrx_word' id='word_1_197' title='bbox 484 1245 538 1279; x_wconf 85' lang='lat' dir='ltr'><strong>vel</strong></span> <span class='ocrx_word' id='word_1_198' title='bbox 553 1244 743 1289; x_wconf 69' lang='lat' dir='ltr'><strong>funeribus</strong></span> <span class='ocrx_word' id='word_1_199' title='bbox 770 1255 790 1278; x_wconf 88' lang='lat' dir='ltr'><strong>a</strong></span> <span class='ocrx_word' id='word_1_200' title='bbox 815 1245 925 1289; x_wconf 88' lang='lat' dir='ltr'><strong>poetis</strong></span> <span class='ocrx_word' id='word_1_201' title='bbox 948 1251 1090 1279; x_wconf 77' lang='lat' dir='ltr'><strong>mortem</strong></span> <span class='ocrx_word' id='word_1_202' title='bbox 1109 1255 1211 1289; x_wconf 86' lang='lat' dir='ltr'><strong>saepe</strong></span> <span class='ocrx_word' id='word_1_203' title='bbox 1230 1244 1417 1288; x_wconf 86' lang='lat' dir='ltr'><strong>significari</strong></span> <span class='ocrx_word' id='word_1_204' title='bbox 1437 1244 1605 1290; x_wconf 86' lang='lat' dir='ltr'><strong>exemplis</strong></span> 
     </span>
     <span class='ocr_line' id='line_1_21' title="bbox 207 1301 1604 1348; baseline 0 -9"><span class='ocrx_word' id='word_1_205' title='bbox 207 1303 291 1339; x_wconf 86' lang='lat' dir='ltr'><strong>satis</strong></span> <span class='ocrx_word' id='word_1_206' title='bbox 318 1301 508 1338; x_wconf 86' lang='lat' dir='ltr'><strong>ostenditur</strong></span> <span class='ocrx_word' id='word_1_207' title='bbox 534 1302 576 1338; x_wconf 85' lang='lat' dir='ltr'><strong>ef.</strong></span> <span class='ocrx_word' id='word_1_208' title='bbox 601 1313 650 1337; x_wconf 92' lang='lat' dir='ltr'><strong>vs.</strong></span> <span class='ocrx_word' id='word_1_209' title='bbox 670 1302 716 1337; x_wconf 89' lang='lat'><strong>111</strong></span> <span class='ocrx_word' id='word_1_210' title='bbox 736 1303 819 1347; x_wconf 91' lang='lat'>710,</span> <span class='ocrx_word' id='word_1_211' title='bbox 845 1302 931 1338; x_wconf 89' lang='lat' dir='ltr'><strong>Aen.</strong></span> <span class='ocrx_word' id='word_1_212' title='bbox 952 1302 998 1337; x_wconf 92' lang='lat' dir='ltr'><strong>IV</strong></span> <span class='ocrx_word' id='word_1_213' title='bbox 1017 1303 1100 1346; x_wconf 89' lang='lat'>308,</span> <span class='ocrx_word' id='word_1_214' title='bbox 1129 1302 1174 1338; x_wconf 93' lang='lat' dir='ltr'><strong>VI</strong></span> <span class='ocrx_word' id='word_1_215' title='bbox 1192 1303 1276 1348; x_wconf 82' lang='lat'>429,</span> <span class='ocrx_word' id='word_1_216' title='bbox 1294 1303 1379 1348; x_wconf 87' lang='lat'>458,</span> <span class='ocrx_word' id='word_1_217' title='bbox 1405 1302 1476 1338; x_wconf 85' lang='lat' dir='ltr'><strong>Ecl.</strong></span> <span class='ocrx_word' id='word_1_218' title='bbox 1500 1302 1527 1337; x_wconf 92' lang='lat' dir='ltr'>V</span> <span class='ocrx_word' id='word_1_219' title='bbox 1546 1303 1604 1347; x_wconf 83' lang='lat'>20,</span> 
     </span>
     <span class='ocr_line' id='line_1_22' title="bbox 208 1359 1605 1407; baseline 0 -10"><span class='ocrx_word' id='word_1_220' title='bbox 208 1361 346 1397; x_wconf 87' lang='lat' dir='ltr'><strong>Metam.</strong></span> <span class='ocrx_word' id='word_1_221' title='bbox 375 1360 435 1395; x_wconf 89' lang='lat' dir='ltr'><strong>VII</strong></span> <span class='ocrx_word' id='word_1_222' title='bbox 452 1361 535 1404; x_wconf 89' lang='lat'>565,</span> <span class='ocrx_word' id='word_1_223' title='bbox 560 1359 593 1395; x_wconf 88' lang='lat' dir='ltr'>X</span> <span class='ocrx_word' id='word_1_224' title='bbox 614 1361 694 1404; x_wconf 89' lang='lat'>199,</span> <span class='ocrx_word' id='word_1_225' title='bbox 720 1360 840 1395; x_wconf 87' lang='lat' dir='ltr'><strong>Horat.</strong></span> <span class='ocrx_word' id='word_1_226' title='bbox 866 1371 970 1396; x_wconf 85' lang='lat' dir='ltr'><strong>earm.</strong></span> <span class='ocrx_word' id='word_1_227' title='bbox 989 1360 1031 1396; x_wconf 94' lang='lat' dir='ltr'><strong>II.</strong></span> <span class='ocrx_word' id='word_1_228' title='bbox 1053 1362 1108 1405; x_wconf 90' lang='lat'><strong>18,</strong></span> <span class='ocrx_word' id='word_1_229' title='bbox 1139 1362 1181 1396; x_wconf 88' lang='lat'><strong>18</strong></span> <span class='ocrx_word' id='word_1_230' title='bbox 1210 1364 1244 1396; x_wconf 88' lang='lat' dir='ltr'><strong>et</strong></span> <span class='ocrx_word' id='word_1_231' title='bbox 1268 1369 1411 1397; x_wconf 80' lang='lat' dir='ltr'><strong>mortem</strong></span> <span class='ocrx_word' id='word_1_232' title='bbox 1433 1374 1475 1396; x_wconf 80' lang='lat' dir='ltr'><strong>ac</strong></span> <span class='ocrx_word' id='word_1_233' title='bbox 1489 1362 1605 1407; x_wconf 75' lang='lat' dir='ltr'><strong>funus</strong></span> 
     </span>
     <span class='ocr_line' id='line_1_23' title="bbox 209 1418 1604 1467; baseline -0.001 -11"><span class='ocrx_word' id='word_1_234' title='bbox 209 1419 449 1465; x_wconf 87' lang='lat' dir='ltr'><strong>cognominata</strong></span> <span class='ocrx_word' id='word_1_235' title='bbox 478 1418 671 1464; x_wconf 84' lang='lat' dir='ltr'><strong>coniunxit,</strong></span> <span class='ocrx_word' id='word_1_236' title='bbox 698 1419 763 1454; x_wconf 88' lang='lat' dir='ltr'><strong>nisi</strong></span> <span class='ocrx_word' id='word_1_237' title='bbox 789 1418 907 1464; x_wconf 86' lang='lat' dir='ltr'><strong>fallor,</strong></span> <span class='ocrx_word' id='word_1_238' title='bbox 934 1418 1115 1455; x_wconf 80' lang='lat' dir='ltr'><strong>Lucretius</strong></span> <span class='ocrx_word' id='word_1_239' title='bbox 1141 1419 1177 1455; x_wconf 93' lang='lat' dir='ltr'><strong>in</strong></span> <span class='ocrx_word' id='word_1_240' title='bbox 1203 1431 1235 1455; x_wconf 90' lang='lat' dir='ltr'><strong>v.</strong></span> <span class='ocrx_word' id='word_1_241' title='bbox 1263 1421 1335 1455; x_wconf 88' lang='lat'><strong>580</strong></span> <span class='ocrx_word' id='word_1_242' title='bbox 1360 1419 1439 1455; x_wconf 92' lang='lat' dir='ltr'><strong>libri</strong></span> <span class='ocrx_word' id='word_1_243' title='bbox 1465 1419 1496 1455; x_wconf 90' lang='grc' dir='ltr'><strong>ΙΙ</strong></span> <span class='ocrx_word' id='word_1_244' title='bbox 1526 1421 1604 1467; x_wconf 86' lang='lat' dir='ltr'><strong>plo-</strong></span> 
     </span>
     <span class='ocr_line' id='line_1_24' title="bbox 207 1478 1603 1525; baseline 0 -10"><span class='ocrx_word' id='word_1_245' title='bbox 207 1487 320 1524; x_wconf 66' lang='lat' dir='ltr'><strong>ratus,</strong></span> <span class='ocrx_word' id='word_1_246' title='bbox 350 1481 470 1514; x_wconf 75' lang='lat' dir='ltr'><strong>mortis</strong></span> <span class='ocrx_word' id='word_1_247' title='bbox 501 1480 637 1514; x_wconf 69' lang='lat' dir='ltr'><strong>comitee</strong></span> <span class='ocrx_word' id='word_1_248' title='bbox 670 1486 699 1514; x_wconf 73' lang='lat' dir='ltr'><strong>et</strong></span> <span class='ocrx_word' id='word_1_249' title='bbox 726 1479 870 1525; x_wconf 62' lang='lat' dir='ltr'><strong>funeri&amp;</strong></span> <span class='ocrx_word' id='word_1_250' title='bbox 902 1481 974 1514; x_wconf 82' lang='lat' dir='ltr'><strong>atri</strong></span> <span class='ocrx_word' id='word_1_251' title='bbox 999 1478 1054 1522; x_wconf 86' lang='lat' dir='ltr'><strong>(ef.</strong></span> <span class='ocrx_word' id='word_1_252' title='bbox 1082 1491 1113 1515; x_wconf 79' lang='lat' dir='ltr'><strong>v,</strong></span> <span class='ocrx_word' id='word_1_253' title='bbox 1141 1480 1238 1524; x_wconf 88' lang='lat'>576).</span> <span class='ocrx_word' id='word_1_254' title='bbox 1290 1479 1355 1515; x_wconf 84' lang='lat' dir='ltr'><strong>Hic</strong></span> <span class='ocrx_word' id='word_1_255' title='bbox 1379 1480 1485 1524; x_wconf 83' lang='lat' dir='ltr'><strong>igitur</strong></span> <span class='ocrx_word' id='word_1_256' title='bbox 1510 1480 1603 1515; x_wconf 80' lang='lat' dir='ltr'><strong>locus</strong></span> 
     </span>
     <span class='ocr_line' id='line_1_25' title="bbox 207 1537 1602 1584; baseline 0 -11"><span class='ocrx_word' id='word_1_257' title='bbox 207 1549 275 1574; x_wconf 89' lang='lat' dir='ltr'><strong>non</strong></span> <span class='ocrx_word' id='word_1_258' title='bbox 303 1540 382 1584; x_wconf 87' lang='lat' dir='ltr'><strong>apte</strong></span> <span class='ocrx_word' id='word_1_259' title='bbox 401 1549 476 1573; x_wconf 86' lang='lat' dir='ltr'><strong>mea</strong></span> <span class='ocrx_word' id='word_1_260' title='bbox 500 1538 669 1573; x_wconf 87' lang='lat' dir='ltr'><strong>sententia</strong></span> <span class='ocrx_word' id='word_1_261' title='bbox 695 1537 764 1573; x_wconf 90' lang='lat' dir='ltr'><strong>illis</strong></span> <span class='ocrx_word' id='word_1_262' title='bbox 790 1538 1084 1583; x_wconf 87' lang='lat' dir='ltr'><strong>adnumerabitur,</strong></span> <span class='ocrx_word' id='word_1_263' title='bbox 1111 1549 1196 1584; x_wconf 89' lang='lat' dir='ltr'><strong>quos</strong></span> <span class='ocrx_word' id='word_1_264' title='bbox 1223 1541 1261 1573; x_wconf 90' lang='lat' dir='ltr'><strong>ut</strong></span> <span class='ocrx_word' id='word_1_265' title='bbox 1286 1538 1434 1583; x_wconf 86' lang='lat' dir='ltr'><strong>genetivi</strong></span> <span class='ocrx_word' id='word_1_266' title='bbox 1460 1538 1602 1584; x_wconf 88' lang='lat' dir='ltr'><strong>qualita-</strong></span> 
     </span>
     <span class='ocr_line' id='line_1_26' title="bbox 207 1595 1603 1643; baseline 0.001 -12"><span class='ocrx_word' id='word_1_267' title='bbox 207 1597 252 1632; x_wconf 89' lang='lat' dir='ltr'><strong>tis</strong></span> <span class='ocrx_word' id='word_1_268' title='bbox 283 1596 441 1642; x_wconf 78' lang='lat' dir='ltr'><strong>exempla</strong></span> <span class='ocrx_word' id='word_1_269' title='bbox 472 1595 593 1632; x_wconf 91' lang='lat' dir='ltr'><strong>Munro</strong></span> <span class='ocrx_word' id='word_1_270' title='bbox 629 1599 807 1643; x_wconf 86' lang='lat' dir='ltr'><strong>praeterea</strong></span> <span class='ocrx_word' id='word_1_271' title='bbox 840 1608 883 1632; x_wconf 82' lang='lat' dir='ltr'><strong>ex</strong></span> <span class='ocrx_word' id='word_1_272' title='bbox 916 1596 1075 1633; x_wconf 81' lang='lat' dir='ltr'><strong>Lucretio</strong></span> <span class='ocrx_word' id='word_1_273' title='bbox 1108 1597 1253 1633; x_wconf 85' lang='lat' dir='ltr'><strong>eontulit</strong></span> <span class='ocrx_word' id='word_1_274' title='bbox 1284 1598 1327 1633; x_wconf 91' lang='lat' dir='ltr'><strong>ad</strong></span> <span class='ocrx_word' id='word_1_275' title='bbox 1358 1609 1407 1633; x_wconf 90' lang='lat' dir='ltr'><strong>vs.</strong></span> <span class='ocrx_word' id='word_1_276' title='bbox 1433 1596 1479 1633; x_wconf 94' lang='lat' dir='ltr'><strong>III</strong></span> <span class='ocrx_word' id='word_1_277' title='bbox 1496 1598 1543 1633; x_wconf 83' lang='lat'><strong>42</strong></span> <span class='ocrx_word' id='word_1_278' title='bbox 1570 1600 1603 1633; x_wconf 87' lang='lat' dir='ltr'><strong>et</strong></span> 
     </span>
     <span class='ocr_line' id='line_1_27' title="bbox 208 1654 1597 1703; baseline 0.001 -13"><span class='ocrx_word' id='word_1_279' title='bbox 208 1655 237 1689; x_wconf 92' lang='lat' dir='ltr'>V</span> <span class='ocrx_word' id='word_1_280' title='bbox 260 1656 342 1699; x_wconf 83' lang='lat'>369,</span> <span class='ocrx_word' id='word_1_281' title='bbox 373 1654 466 1690; x_wconf 88' lang='lat' dir='ltr'><strong>velut</strong></span> <span class='ocrx_word' id='word_1_282' title='bbox 491 1655 538 1690; x_wconf 91' lang='lat' dir='ltr'><strong>III</strong></span> <span class='ocrx_word' id='word_1_283' title='bbox 563 1656 610 1690; x_wconf 89' lang='grc'><strong>42</strong></span> <span class='ocrx_word' id='word_1_284' title='bbox 642 1655 795 1691; x_wconf 79' lang='lat' dir='ltr'><strong>Tartara</strong></span> <span class='ocrx_word' id='word_1_285' title='bbox 821 1656 880 1690; x_wconf 76' lang='lat' dir='ltr'><strong>leti</strong></span> <span class='ocrx_word' id='word_1_286' title='bbox 906 1656 1095 1699; x_wconf 73' lang='lat' dir='ltr'><strong>(Tartar-ue</strong></span> <span class='ocrx_word' id='word_1_287' title='bbox 1115 1657 1219 1703; x_wconf 83' lang='lat' dir='ltr'><strong>place</strong></span> <span class='ocrx_word' id='word_1_288' title='bbox 1245 1657 1286 1700; x_wconf 85' lang='lat' dir='ltr'><strong>of</strong></span> <span class='ocrx_word' id='word_1_289' title='bbox 1307 1656 1441 1700; x_wconf 81' lang='lat' dir='ltr'><strong>death),</strong></span> <span class='ocrx_word' id='word_1_290' title='bbox 1475 1655 1504 1691; x_wconf 90' lang='lat' dir='ltr'>V</span> <span class='ocrx_word' id='word_1_291' title='bbox 1531 1656 1597 1692; x_wconf 88' lang='grc'><strong>201</strong></span> 
     </span>
     <span class='ocr_line' id='line_1_28' title="bbox 209 1713 1600 1762; baseline 0.001 -13"><span class='ocrx_word' id='word_1_292' title='bbox 209 1715 314 1750; x_wconf 71' lang='lat' dir='ltr'><strong>silvae</strong></span> <span class='ocrx_word' id='word_1_293' title='bbox 329 1714 505 1760; x_wconf 84' lang='lat' dir='ltr'><strong>ferarum,</strong></span> <span class='ocrx_word' id='word_1_294' title='bbox 534 1713 563 1749; x_wconf 90' lang='lat' dir='ltr'>V</span> <span class='ocrx_word' id='word_1_295' title='bbox 582 1714 651 1750; x_wconf 84' lang='lat'><strong>762</strong></span> <span class='ocrx_word' id='word_1_296' title='bbox 679 1716 758 1750; x_wconf 81' lang='lat' dir='ltr'><strong>coni</strong></span> <span class='ocrx_word' id='word_1_297' title='bbox 780 1715 933 1759; x_wconf 74' lang='lat' dir='ltr'><strong>umbrae,</strong></span> <span class='ocrx_word' id='word_1_298' title='bbox 962 1718 995 1750; x_wconf 87' lang='lat' dir='ltr'><strong>et</strong></span> <span class='ocrx_word' id='word_1_299' title='bbox 1019 1714 1145 1750; x_wconf 87' lang='lat' dir='ltr'><strong>similia</strong></span> <span class='ocrx_word' id='word_1_300' title='bbox 1163 1715 1265 1751; x_wconf 89' lang='lat' dir='ltr'><strong>etiam</strong></span> <span class='ocrx_word' id='word_1_301' title='bbox 1284 1715 1374 1762; x_wconf 85' lang='lat' dir='ltr'><strong>apud</strong></span> <span class='ocrx_word' id='word_1_302' title='bbox 1392 1713 1600 1751; x_wconf 84' lang='lat' dir='ltr'><strong>Graecorum</strong></span> 
     </span>
     <span class='ocr_line' id='line_1_29' title="bbox 208 1772 1600 1819; baseline 0.001 -11"><span class='ocrx_word' id='word_1_303' title='bbox 208 1776 327 1819; x_wconf 87' lang='lat' dir='ltr'><strong>poetas</strong></span> <span class='ocrx_word' id='word_1_304' title='bbox 352 1772 461 1808; x_wconf 86' lang='lat' dir='ltr'><strong>multa</strong></span> <span class='ocrx_word' id='word_1_305' title='bbox 485 1772 720 1817; x_wconf 88' lang='lat' dir='ltr'><strong>inveniuntur,</strong></span> <span class='ocrx_word' id='word_1_306' title='bbox 746 1783 764 1807; x_wconf 93' lang='lat' dir='ltr'><strong>e</strong></span> <span class='ocrx_word' id='word_1_307' title='bbox 791 1772 913 1817; x_wconf 86' lang='lat' dir='ltr'><strong>quibus</strong></span> <span class='ocrx_word' id='word_1_308' title='bbox 936 1773 1099 1808; x_wconf 89' lang='lat' dir='ltr'><strong>nonnulla</strong></span> <span class='ocrx_word' id='word_1_309' title='bbox 1117 1773 1231 1809; x_wconf 88' lang='lat' dir='ltr'><strong>attulit</strong></span> <span class='ocrx_word' id='word_1_310' title='bbox 1248 1773 1413 1809; x_wconf 87' lang='lat' dir='ltr'><strong>Matthiae</strong></span> <span class='ocrx_word' id='word_1_311' title='bbox 1432 1774 1469 1809; x_wconf 93' lang='lat' dir='ltr'><strong>in</strong></span> <span class='ocrx_word' id='word_1_312' title='bbox 1487 1784 1600 1818; x_wconf 89' lang='lat' dir='ltr'><strong>gram-</strong></span> 
     </span>
     <span class='ocr_line' id='line_1_30' title="bbox 209 1829 1598 1880; baseline 0.001 -14"><span class='ocrx_word' id='word_1_313' title='bbox 209 1831 336 1867; x_wconf 85' lang='lat' dir='ltr'><strong>matica</strong></span> <span class='ocrx_word' id='word_1_314' title='bbox 352 1830 483 1867; x_wconf 82' lang='lat' dir='ltr'><strong>Graeca</strong></span> <span class='ocrx_word' id='word_1_315' title='bbox 508 1829 527 1875; x_wconf 72' lang='grc' dir='ltr'><strong>ξ</strong></span> <span class='ocrx_word' id='word_1_316' title='bbox 547 1831 617 1866; x_wconf 86' lang='lat'><strong>316</strong></span> <span class='ocrx_word' id='word_1_317' title='bbox 629 1830 669 1865; x_wconf 90' lang='lat' dir='ltr'><strong>f.:</strong></span> <span class='ocrx_word' id='word_1_318' title='bbox 697 1831 838 1867; x_wconf 81' lang='grc' dir='ltr'><strong><em>στολίδα</em></strong></span> <span class='ocrx_word' id='word_1_319' title='bbox 863 1833 996 1879; x_wconf 84' lang='grc' dir='ltr'><em>τρυφᾶς</em></span> <span class='ocrx_word' id='word_1_320' title='bbox 1021 1831 1054 1867; x_wconf 94' lang='lat' dir='ltr'><strong>h.</strong></span> <span class='ocrx_word' id='word_1_321' title='bbox 1081 1843 1110 1867; x_wconf 87' lang='lat' dir='ltr'><strong>e.</strong></span> <span class='ocrx_word' id='word_1_322' title='bbox 1137 1832 1315 1880; x_wconf 73' lang='grc' dir='ltr'><strong><em>τρυφεράν</em></strong></span> <span class='ocrx_word' id='word_1_323' title='bbox 1341 1832 1438 1876; x_wconf 83' lang='lat' dir='ltr'><strong>(Eur.</strong></span> <span class='ocrx_word' id='word_1_324' title='bbox 1468 1831 1598 1868; x_wconf 87' lang='lat' dir='ltr'><strong>Phoen.</strong></span> 
     </span>
     <span class='ocr_line' id='line_1_31' title="bbox 210 1889 1599 1937; baseline 0.001 -12"><span class='ocrx_word' id='word_1_325' title='bbox 210 1889 261 1925; x_wconf 89' lang='lat' dir='ltr'><strong>ed.</strong></span> <span class='ocrx_word' id='word_1_326' title='bbox 289 1889 410 1925; x_wconf 77' lang='lat' dir='ltr'><strong>Nauck</strong></span> <span class='ocrx_word' id='word_1_327' title='bbox 439 1890 558 1934; x_wconf 84' lang='lat'>1491),</span> <span class='ocrx_word' id='word_1_328' title='bbox 589 1889 739 1935; x_wconf 83' lang='grc' dir='ltr'><strong><em>μαστοὺς</em></strong></span> <span class='ocrx_word' id='word_1_329' title='bbox 766 1889 937 1933; x_wconf 74' lang='grc' dir='ltr'><strong><em>γάλακτος</em></strong></span> <span class='ocrx_word' id='word_1_330' title='bbox 962 1890 995 1926; x_wconf 90' lang='lat' dir='ltr'><strong>h.</strong></span> <span class='ocrx_word' id='word_1_331' title='bbox 1021 1902 1050 1927; x_wconf 89' lang='lat' dir='ltr'><strong>e.</strong></span> <span class='ocrx_word' id='word_1_332' title='bbox 1075 1890 1335 1937; x_wconf 77' lang='grc' dir='ltr'><strong><em>γαλακτούχους</em></strong></span> <span class='ocrx_word' id='word_1_333' title='bbox 1360 1889 1457 1937; x_wconf 89' lang='lat' dir='ltr'><strong>(ibid.</strong></span> <span class='ocrx_word' id='word_1_334' title='bbox 1492 1891 1599 1937; x_wconf 83' lang='lat'>1527,</span> 
     </span>
     <span class='ocr_line' id='line_1_32' title="bbox 210 1947 1602 1996; baseline 0.002 -13"><span class='ocrx_word' id='word_1_335' title='bbox 210 1948 251 1984; x_wconf 86' lang='lat' dir='ltr'><strong>of.</strong></span> <span class='ocrx_word' id='word_1_336' title='bbox 279 1947 416 1983; x_wconf 87' lang='lat' dir='ltr'><strong>Lueret.</strong></span> <span class='ocrx_word' id='word_1_337' title='bbox 443 1959 492 1983; x_wconf 89' lang='lat' dir='ltr'><strong>vs.</strong></span> <span class='ocrx_word' id='word_1_338' title='bbox 520 1947 622 1983; x_wconf 88' lang='lat'>1887</span> <span class='ocrx_word' id='word_1_339' title='bbox 651 1949 824 1995; x_wconf 72' lang='lat' dir='ltr'><strong>laniyerae</strong></span> <span class='ocrx_word' id='word_1_340' title='bbox 849 1950 948 1996; x_wconf 85' lang='lat' dir='ltr'><strong>quali</strong></span> <span class='ocrx_word' id='word_1_341' title='bbox 971 1957 1050 1985; x_wconf 68' lang='lat' dir='ltr'><strong>sunt</strong></span> <span class='ocrx_word' id='word_1_342' title='bbox 1073 1950 1175 1986; x_wconf 85' lang='lat' dir='ltr'><strong>ubere</strong></span> <span class='ocrx_word' id='word_1_343' title='bbox 1201 1951 1311 1995; x_wconf 77' lang='lat' dir='ltr'><strong>Zaotie,</strong></span> <span class='ocrx_word' id='word_1_344' title='bbox 1338 1949 1369 1985; x_wconf 93' lang='grc' dir='ltr'><strong>ΙΙ</strong></span> <span class='ocrx_word' id='word_1_345' title='bbox 1386 1950 1458 1987; x_wconf 93' lang='lat'><strong>370</strong></span> <span class='ocrx_word' id='word_1_346' title='bbox 1474 1951 1521 1986; x_wconf 84' lang='lat' dir='ltr'><strong>ad</strong></span> <span class='ocrx_word' id='word_1_347' title='bbox 1537 1963 1602 1986; x_wconf 80' lang='lat' dir='ltr'><strong>sua</strong></span> 
     </span>
     <span class='ocr_line' id='line_1_33' title="bbox 211 2006 1599 2054; baseline 0.001 -12"><span class='ocrx_word' id='word_1_348' title='bbox 211 2009 356 2054; x_wconf 70' lang='lat' dir='ltr'><strong>quisque</strong></span> <span class='ocrx_word' id='word_1_349' title='bbox 376 2007 459 2053; x_wconf 85' lang='lat' dir='ltr'><strong>fere</strong></span> <span class='ocrx_word' id='word_1_350' title='bbox 492 2008 677 2042; x_wconf 80' lang='lat' dir='ltr'><strong>decurrunt</strong></span> <span class='ocrx_word' id='word_1_351' title='bbox 700 2008 806 2043; x_wconf 82' lang='lat' dir='ltr'><strong>ubera</strong></span> <span class='ocrx_word' id='word_1_352' title='bbox 831 2008 945 2052; x_wconf 77' lang='lat' dir='ltr'><strong>lactis,</strong></span> <span class='ocrx_word' id='word_1_353' title='bbox 978 2008 1104 2044; x_wconf 92' lang='lat' dir='ltr'><strong>Tibulli</strong></span> <span class='ocrx_word' id='word_1_354' title='bbox 1130 2019 1234 2044; x_wconf 83' lang='lat' dir='ltr'><strong>carm.</strong></span> <span class='ocrx_word' id='word_1_355' title='bbox 1262 2011 1284 2045; x_wconf 90' lang='lat'>3</span> <span class='ocrx_word' id='word_1_356' title='bbox 1308 2008 1388 2044; x_wconf 87' lang='lat' dir='ltr'><strong>libri</strong></span> <span class='ocrx_word' id='word_1_357' title='bbox 1413 2008 1440 2054; x_wconf 94' lang='grc' dir='ltr'>Ι,</span> <span class='ocrx_word' id='word_1_358' title='bbox 1466 2020 1498 2043; x_wconf 79' lang='lat' dir='ltr'><strong>V.</strong></span> <span class='ocrx_word' id='word_1_359' title='bbox 1524 2006 1599 2054; x_wconf 84' lang='lat'>46),</span> 
     </span>
     <span class='ocr_line' id='line_1_34' title="bbox 210 2064 1601 2115; baseline 0.001 -14"><span class='ocrx_word' id='word_1_360' title='bbox 210 2065 392 2112; x_wconf 79' lang='grc' dir='ltr'><em>τραύματα</em></span> <span class='ocrx_word' id='word_1_361' title='bbox 418 2071 579 2112; x_wconf 80' lang='grc' dir='ltr'>αἵματος,</span> <span class='ocrx_word' id='word_1_362' title='bbox 605 2064 665 2102; x_wconf 75' lang='grc' dir='ltr'><strong>τὸν</strong></span> <span class='ocrx_word' id='word_1_363' title='bbox 688 2068 748 2108; x_wconf 83' lang='grc' dir='ltr'><strong>τᾶς</strong></span> <span class='ocrx_word' id='word_1_364' title='bbox 769 2065 911 2113; x_wconf 76' lang='grc' dir='ltr'><strong><em>ἡσυχίας</em></strong></span> <span class='ocrx_word' id='word_1_365' title='bbox 934 2070 1051 2112; x_wconf 81' lang='grc' dir='ltr'><strong><em>βίοτον</em></strong></span> <span class='ocrx_word' id='word_1_366' title='bbox 1074 2066 1167 2114; x_wconf 79' lang='grc' dir='ltr'>(βίον</span> <span class='ocrx_word' id='word_1_367' title='bbox 1183 2066 1326 2115; x_wconf 79' lang='grc' dir='ltr'>ἥσυχον)</span> <span class='ocrx_word' id='word_1_368' title='bbox 1344 2067 1478 2113; x_wconf 83' lang='lat' dir='ltr'><strong>aliaque</strong></span> <span class='ocrx_word' id='word_1_369' title='bbox 1495 2078 1601 2113; x_wconf 83' lang='lat' dir='ltr'><strong>aeque</strong></span> 
     </span>
     <span class='ocr_line' id='line_1_35' title="bbox 212 2124 1600 2172; baseline 0.001 -13"><span class='ocrx_word' id='word_1_370' title='bbox 212 2127 304 2170; x_wconf 87' lang='lat' dir='ltr'><strong>apta.</strong></span> <span class='ocrx_word' id='word_1_371' title='bbox 338 2144 381 2149; x_wconf 89' lang='lat'><strong>——-</strong></span> <span class='ocrx_word' id='word_1_372' title='bbox 418 2124 485 2160; x_wconf 88' lang='lat' dir='ltr'><strong>Sed</strong></span> <span class='ocrx_word' id='word_1_373' title='bbox 511 2124 668 2160; x_wconf 86' lang='lat' dir='ltr'><strong>redeunti</strong></span> <span class='ocrx_word' id='word_1_374' title='bbox 694 2125 737 2160; x_wconf 90' lang='lat' dir='ltr'><strong>ad</strong></span> <span class='ocrx_word' id='word_1_375' title='bbox 762 2126 911 2170; x_wconf 86' lang='lat' dir='ltr'><strong>genetivi</strong></span> <span class='ocrx_word' id='word_1_376' title='bbox 938 2126 1029 2161; x_wconf 88' lang='lat' dir='ltr'><strong>illius</strong></span> <span class='ocrx_word' id='word_1_377' title='bbox 1055 2137 1132 2162; x_wconf 85' lang='lat' dir='ltr'><strong>cum</strong></span> <span class='ocrx_word' id='word_1_378' title='bbox 1159 2126 1347 2171; x_wconf 86' lang='lat' dir='ltr'><strong>tautologia</strong></span> <span class='ocrx_word' id='word_1_379' title='bbox 1372 2126 1475 2172; x_wconf 86' lang='lat' dir='ltr'><strong>positi</strong></span> <span class='ocrx_word' id='word_1_380' title='bbox 1500 2137 1600 2161; x_wconf 91' lang='lat' dir='ltr'><strong>usum</strong></span> 
     </span>
     <span class='ocr_line' id='line_1_36' title="bbox 212 2181 1602 2231; baseline 0.001 -13"><span class='ocrx_word' id='word_1_381' title='bbox 212 2186 265 2218; x_wconf 80' lang='lat' dir='ltr'><strong>sat</strong></span> <span class='ocrx_word' id='word_1_382' title='bbox 289 2183 438 2219; x_wconf 90' lang='lat' dir='ltr'><strong>notabile</strong></span> <span class='ocrx_word' id='word_1_383' title='bbox 466 2183 550 2219; x_wconf 91' lang='lat' dir='ltr'><strong>mihi</strong></span> <span class='ocrx_word' id='word_1_384' title='bbox 576 2183 710 2220; x_wconf 88' lang='lat' dir='ltr'><strong>videtur</strong></span> <span class='ocrx_word' id='word_1_385' title='bbox 736 2184 824 2230; x_wconf 89' lang='lat' dir='ltr'><strong>quod</strong></span> <span class='ocrx_word' id='word_1_386' title='bbox 851 2183 1030 2220; x_wconf 85' lang='lat' dir='ltr'><strong>Lucretius</strong></span> <span class='ocrx_word' id='word_1_387' title='bbox 1056 2184 1140 2221; x_wconf 81' lang='lat' dir='ltr'><strong>dicit</strong></span> <span class='ocrx_word' id='word_1_388' title='bbox 1163 2185 1199 2220; x_wconf 90' lang='lat' dir='ltr'><strong>in</strong></span> <span class='ocrx_word' id='word_1_389' title='bbox 1226 2196 1273 2220; x_wconf 85' lang='lat' dir='ltr'><strong>vs.</strong></span> <span class='ocrx_word' id='word_1_390' title='bbox 1302 2181 1494 2231; x_wconf 77' lang='lat' dir='ltr'>111262s63</span> <span class='ocrx_word' id='word_1_391' title='bbox 1511 2186 1602 2220; x_wconf 77' lang='lat' dir='ltr'><strong>inter</strong></span> 
     </span>
     <span class='ocr_line' id='line_1_37' title="bbox 213 2243 1600 2291; baseline 0.001 -14"><span class='ocrx_word' id='word_1_392' title='bbox 213 2244 301 2277; x_wconf 87' lang='lat' dir='ltr'><strong>enim</strong></span> <span class='ocrx_word' id='word_1_393' title='bbox 331 2250 471 2278; x_wconf 71' lang='lat' dir='ltr'><strong>cursant</strong></span> <span class='ocrx_word' id='word_1_394' title='bbox 496 2245 696 2290; x_wconf 85' lang='lat' dir='ltr'><strong>primordia</strong></span> <span class='ocrx_word' id='word_1_395' title='bbox 724 2245 982 2291; x_wconf 80' lang='lat' dir='ltr'><strong>principiorum</strong></span> <span class='ocrx_word' id='word_1_396' title='bbox 1008 2244 1158 2279; x_wconf 65' lang='lat' dir='ltr'><strong>Motibus</strong></span> <span class='ocrx_word' id='word_1_397' title='bbox 1182 2246 1272 2280; x_wconf 81' lang='lat' dir='ltr'><strong>inter</strong></span> <span class='ocrx_word' id='word_1_398' title='bbox 1297 2256 1349 2287; x_wconf 78' lang='lat' dir='ltr'><strong>se,</strong></span> <span class='ocrx_word' id='word_1_399' title='bbox 1382 2243 1441 2279; x_wconf 92' lang='lat' dir='ltr'><strong>ubi</strong></span> <span class='ocrx_word' id='word_1_400' title='bbox 1467 2243 1495 2279; x_wconf 88' lang='lat' dir='ltr'><strong>si</strong></span> <span class='ocrx_word' id='word_1_401' title='bbox 1521 2254 1600 2279; x_wconf 82' lang='lat' dir='ltr'><strong>con-</strong></span> 
     </span>
     <span class='ocr_line' id='line_1_38' title="bbox 212 2300 1599 2349; baseline 0.002 -15"><span class='ocrx_word' id='word_1_402' title='bbox 212 2300 382 2344; x_wconf 85' lang='lat' dir='ltr'><strong>iungimus</strong></span> <span class='ocrx_word' id='word_1_403' title='bbox 406 2303 604 2348; x_wconf 72' lang='lat' dir='ltr'><strong>primordia</strong></span> <span class='ocrx_word' id='word_1_404' title='bbox 620 2304 881 2349; x_wconf 72' lang='lat' dir='ltr'><strong>principiorum</strong></span> <span class='ocrx_word' id='word_1_405' title='bbox 897 2312 1023 2336; x_wconf 90' lang='lat' dir='ltr'><strong>novum</strong></span> <span class='ocrx_word' id='word_1_406' title='bbox 1041 2302 1205 2337; x_wconf 86' lang='lat' dir='ltr'><strong>habemus</strong></span> <span class='ocrx_word' id='word_1_407' title='bbox 1224 2304 1258 2337; x_wconf 90' lang='lat' dir='ltr'><strong>et</strong></span> <span class='ocrx_word' id='word_1_408' title='bbox 1274 2304 1431 2347; x_wconf 87' lang='lat' dir='ltr'><strong>apertum</strong></span> <span class='ocrx_word' id='word_1_409' title='bbox 1449 2302 1599 2337; x_wconf 87' lang='lat' dir='ltr'><strong>eiusdem</strong></span> 
     </span>
     <span class='ocr_line' id='line_1_39' title="bbox 213 2359 1599 2407; baseline 0.002 -14"><span class='ocrx_word' id='word_1_410' title='bbox 213 2359 354 2394; x_wconf 88' lang='lat' dir='ltr'><strong>rationis</strong></span> <span class='ocrx_word' id='word_1_411' title='bbox 379 2360 610 2396; x_wconf 84' lang='lat' dir='ltr'><strong>testimonium</strong></span> <span class='ocrx_word' id='word_1_412' title='bbox 637 2371 746 2407; x_wconf 85' lang='lat' dir='ltr'><strong>neque</strong></span> <span class='ocrx_word' id='word_1_413' title='bbox 772 2360 805 2396; x_wconf 93' lang='lat' dir='ltr'><strong>id</strong></span> <span class='ocrx_word' id='word_1_414' title='bbox 833 2360 1041 2406; x_wconf 86' lang='lat' dir='ltr'><strong>mirandum,</strong></span> <span class='ocrx_word' id='word_1_415' title='bbox 1067 2360 1095 2396; x_wconf 89' lang='lat' dir='ltr'><strong>si</strong></span> <span class='ocrx_word' id='word_1_416' title='bbox 1122 2371 1238 2396; x_wconf 88' lang='lat' dir='ltr'><strong>eorum</strong></span> <span class='ocrx_word' id='word_1_417' title='bbox 1256 2360 1412 2407; x_wconf 86' lang='lat' dir='ltr'><strong>exemplo</strong></span> <span class='ocrx_word' id='word_1_418' title='bbox 1431 2360 1599 2407; x_wconf 87' lang='lat' dir='ltr'><strong>pondera-</strong></span> 
     </span>
     <span class='ocr_line' id='line_1_40' title="bbox 213 2418 1597 2466; baseline 0.003 -14"><span class='ocrx_word' id='word_1_419' title='bbox 213 2428 301 2462; x_wconf 89' lang='lat' dir='ltr'><strong>mus,</strong></span> <span class='ocrx_word' id='word_1_420' title='bbox 332 2430 418 2463; x_wconf 86' lang='lat' dir='ltr'><strong>quae</strong></span> <span class='ocrx_word' id='word_1_421' title='bbox 443 2419 569 2455; x_wconf 86' lang='lat' dir='ltr'><strong>similia</strong></span> <span class='ocrx_word' id='word_1_422' title='bbox 594 2423 695 2455; x_wconf 81' lang='lat' dir='ltr'><strong>antea</strong></span> <span class='ocrx_word' id='word_1_423' title='bbox 718 2419 855 2466; x_wconf 90' lang='lat' dir='ltr'><strong>protuli.</strong></span> <span class='ocrx_word' id='word_1_424' title='bbox 899 2419 1018 2465; x_wconf 87' lang='lat' dir='ltr'><strong>Itaque</strong></span> <span class='ocrx_word' id='word_1_425' title='bbox 1041 2419 1155 2456; x_wconf 83' lang='lat' dir='ltr'><strong>nescio</strong></span> <span class='ocrx_word' id='word_1_426' title='bbox 1179 2430 1239 2456; x_wconf 82' lang='lat' dir='ltr'><strong>our</strong></span> <span class='ocrx_word' id='word_1_427' title='bbox 1260 2418 1381 2455; x_wconf 89' lang='lat' dir='ltr'><strong>Munro</strong></span> <span class='ocrx_word' id='word_1_428' title='bbox 1406 2420 1597 2464; x_wconf 85' lang='lat' dir='ltr'><strong>genetivum</strong></span> 
     </span>
     <span class='ocr_line' id='line_1_41' title="bbox 210 2478 1598 2527; baseline 0.002 -15"><span class='ocrx_word' id='word_1_429' title='bbox 210 2478 467 2527; x_wconf 77' lang='lat' dir='ltr'><strong>principiorum</strong></span> <span class='ocrx_word' id='word_1_430' title='bbox 500 2488 576 2513; x_wconf 84' lang='lat' dir='ltr'><strong>oum</strong></span> <span class='ocrx_word' id='word_1_431' title='bbox 611 2479 758 2514; x_wconf 72' lang='lat' dir='ltr'><strong>motibus</strong></span> <span class='ocrx_word' id='word_1_432' title='bbox 791 2478 998 2524; x_wconf 82' lang='lat' dir='ltr'><strong>coniungere</strong></span> <span class='ocrx_word' id='word_1_433' title='bbox 1029 2478 1205 2525; x_wconf 81' lang='lat' dir='ltr'><strong>maluerit,</strong></span> <span class='ocrx_word' id='word_1_434' title='bbox 1244 2489 1323 2514; x_wconf 86' lang='lat' dir='ltr'><strong>nam</strong></span> <span class='ocrx_word' id='word_1_435' title='bbox 1355 2489 1431 2515; x_wconf 84' lang='lat' dir='ltr'><strong>meo</strong></span> <span class='ocrx_word' id='word_1_436' title='bbox 1462 2479 1598 2525; x_wconf 83' lang='lat' dir='ltr'><strong>quidem</strong></span> 
     </span>
    </p>
   </div>
  </div>
 </body>
</html>
