1835 2765
825 35 871 71 57

143 134 274 172 coitate
304 138 340 171 et
369 134 539 182 gravitate
572 134 712 183 depingi
738 133 823 171 mihi
850 134 1000 181 videtur,
1033 145 1143 182 neque
1170 132 1260 181 quod
1286 132 1398 170 Faber
1424 131 1550 169 obiecit

145 195 273 231 iustam
300 206 438 232 causam
466 198 562 243 puto,
586 206 649 231 cur
666 206 787 231 versus
806 195 1053 242 proscribatur.
1090 193 1287 230 Lucretium
1308 205 1427 230 versus
1440 203 1549 239 saepe

145 255 288 291 iterasse
313 266 369 291 res
395 255 577 291 notissima
604 257 657 291 est
683 265 793 300 neque
820 253 906 289 illud
933 253 1129 298 obscurum,
1155 256 1291 299 poetam
1320 253 1422 288 etiam
1444 251 1548 299 paulo

147 317 297 349 mutatos
324 325 381 349 eos
406 313 610 360 repetivisse
635 311 693 359 (cf.
721 312 934 348 Lachmanni
961 316 1079 347 notam
1104 311 1147 345 ad
1166 322 1199 345 v.
1217 311 1248 346 V
1269 309 1387 357 1048).
1429 311 1548 356 Itaque

148 372 273 408 mirum
310 383 377 408 non
414 372 480 407 erit
514 372 549 407 in
587 382 688 407 versu
722 370 802 406 libri
837 371 867 406 V
897 372 1051 417 undique
1082 369 1246 414 inveniri,
1286 380 1362 405 cum
1392 369 1428 405 in
1460 369 1548 405 libro

149 432 295 467 secundo
329 433 477 468 momine
508 433 645 477 poetam
677 430 858 477 scripsisse
891 429 1078 465 verisimile
1111 429 1166 465 sit.
1207 448 1250 453 —
1291 428 1432 465 Praeter
1465 428 1549 464 haec

150 490 309 538 exempla
337 490 454 536 *afferri
486 492 631 536 possunt
662 489 710 525 III
740 489 811 526 389
840 490 969 537 pedum
999 490 1162 537 vestiqia‚
1203 487 1231 523 V
1266 488 1332 523 101
1373 488 1549 523 oculorum

147 552 242 586 visus
268 548 326 597 (cf.
354 549 495 593 Quintil.
523 549 557 585 I.·
577 550 609 596 2,
640 551 681 586 11
708 551 801 586 visus
828 550 1005 586 oculorum
1031 548 1149 585 obtutu
1175 549 1337 584 continuo
1353 544 1549 595 fatiyatur)

149 610 283 656 aliaque
316 612 355 643 ut
386 608 470 644 illud
502 608 602 644 Ovidi
634 621 654 644 a
679 609 846 644 Munrone
873 609 1014 644 allatum
1044 608 1138 652 (Met.
1167 608 1182 643 Ι
1209 605 1341 654 179s80
1366 607 1550 651 terrificam

149 670 275 717 capitis
303 670 473 704 concussit
497 675 614 715 terque
640 675 828 715 quaterque
854 667 1058 703 Caesariem.
1104 667 1234 703 Tamen
1261 666 1296 701 in
1324 665 1389 701 hac
1415 675 1551 712 quoque

149 739 186 763 re
217 730 318 762 cauto
345 727 470 762 iudicio
504 738 590 774 opus
623 730 675 762 est
708 738 818 772 neque
855 727 897 762 de
930 727 1088 762 omnibus
1121 726 1289 773 exemplis
1320 737 1391 762 una
1417 725 1551 761 ratione

150 785 369 822 iudicandum
397 786 456 821 sed
483 785 565 832 quid
592 788 738 833 secutus*
756 785 801 820 sit
827 787 929 832 poeta
954 796 1156 832 unoquoque
1183 785 1257 821 loco
1281 784 1464 831 diligenter
1482 783 1550 819 cir-

151 845 455 892 cumspiciendum.
508 844 583 880 Uno
618 844 775 890 exemplo
809 844 842 879 id
876 844 966 890 quod
992 844 1064 879 dixi
1089 844 1282 889 illustrabo,
1308 856 1385 880 cum
1413 843 1550 890 plenius

149 905 205 940 hic
231 916 302 940 rem
329 904 486 951 persequi
511 914 689 949 nequeam.
733 903 830 945 Quod
857 906 959 949 poeta
976 903 1012 938 in
1029 914 1079 938 vs.
1098 903 1112 938 I
1131 901 1262 949 211s12
1289 903 1372 938 dicit
1389 902 1546 937 homines

149 965 319 1007 fecundas
346 970 508 998 vertentes
534 975 667 998 vomere
690 963 807 1010 ylebae
835 962 966 997 semina
992 972 1106 996 rerum
1135 961 1177 996 ad
1204 964 1299 996 ortus
1325 961 1432 1005 ciere,
1465 971 1550 1007 quas

151 1023 268 1069 glebas
295 1021 539 1068 significaverit
565 1032 665 1057 nemo
692 1021 801 1057 nescit
827 1023 861 1057 et
886 1020 1077 1056 abundaret
1103 1020 1231 1065 oratio,
1259 1020 1286 1055 si
1313 1027 1422 1056 terrae
1448 1030 1551 1065 gene-

151 1083 259 1119 tivum
292 1082 481 1118 adiecisset.
533 1080 631 1124 Quod
662 1091 742 1117 vero
779 1081 841 1117 hoc
873 1080 1147 1116 additamentum
1180 1080 1215 1114 in
1242 1091 1273 1114 v.
1301 1078 1332 1114 V
1359 1079 1427 1115 142
1453 1078 1551 1115 nobis

153 1143 317 1189 occurrit,
354 1141 534 1178 Lucretius
574 1141 637 1177 hoc
669 1140 806 1188 quidem
838 1140 913 1177 loco
946 1152 1012 1178 non
1046 1140 1155 1176 solum
1190 1139 1239 1175 rei
1272 1139 1552 1187 perspicuitatem

152 1213 247 1238 more
273 1201 406 1249 poetico
433 1204 545 1246 auget,
573 1200 632 1236 sed
658 1200 726 1235 alia
752 1203 804 1236 est
830 1203 864 1245 et
888 1200 1012 1235 iustior
1038 1200 1073 1234 in
1100 1199 1163 1234 hoc
1189 1210 1291 1235 versu
1310 1198 1402 1234 ratio
1422 1201 1552 1245 poetae.

153 1261 191 1297 In
218 1261 281 1297 hac
306 1260 397 1297 enim
415 1260 493 1297 libri
512 1259 541 1295 V
560 1262 658 1307 parte
674 1258 869 1305 Lucretius,
894 1270 938 1295 ne
956 1261 1098 1304 terram,
1125 1258 1246 1304 solem,
1273 1257 1419 1303 caelum,
1447 1268 1553 1303 mare,

154 1321 283 1366 sidera,
315 1320 432 1355 lunam
466 1330 610 1365 corpore
642 1319 757 1354 divino
791 1322 930 1355 aeterna
962 1329 1036 1354 esse
1068 1323 1228 1364 putemus
1262 1319 1325 1359 (vs.
1360 1318 1473 1353 114—
1485 1317 1554 1362 16),

158 1379 308 1415 ostendit
342 1379 424 1415 haec
456 1379 571 1414 omnia
602 1389 643 1414 ne
676 1389 777 1414 sensu
809 1378 945 1424 quidem
977 1376 1074 1413 vitali
1106 1377 1172 1420 uti3
1206 1388 1285 1412 nam
1313 1387 1391 1412 cum
1419 1376 1554 1412 animus

156 1439 224 1474 nisi
249 1439 285 1474 in
312 1449 453 1484 corpore
479 1438 628 1473 humano
655 1438 821 1474 exsistere
847 1448 915 1472 non
934 1437 1055 1483 possit,
1081 1447 1222 1482 prorsus
1242 1447 1316 1471 esse
1335 1435 1552 1471 infitiandum

156 1509 233 1533 eum
261 1500 319 1533 aut
345 1498 379 1532 in
406 1497 488 1532 solis
513 1497 592 1542 igne
618 1497 700 1531 oriri
727 1499 786 1531 aut
810 1496 845 1531 in
873 1507 962 1542 aqua
988 1498 1048 1531 aut
1072 1495 1108 1530 111
1136 1495 1213 1530 altis
1238 1494 1387 1531 aetheris
1406 1495 1475 1530 oris
1494 1497 1553 1530 aut

156 1577 202 1583 -—
229 1558 297 1593 iam
324 1556 429 1593 verba
453 1557 613 1604 putribus
638 1558 675 1592 in
699 1556 807 1604 ylebis
833 1555 906 1591 sola
929 1566 997 1591 11011
1021 1554 1123 1602 plane
1142 1553 1367 1600 suffecissent,
1394 1554 1454 1590 sed
1474 1564 1551 1589 cum

155 1620 257 1664 poeta
282 1620 400 1664 aperte
427 1616 469 1652 ad
496 1627 630 1651 versum
662 1615 729 1650 115
755 1626 818 1651 nos
844 1618 993 1660 revocet,
1018 1617 1188 1650 terrarum
1215 1625 1339 1650 nomen
1358 1614 1471 1661 ipsum
1490 1625 1552 1660 ap-

156 1676 284 1723 pellare
315 1687 391 1712 eum
426 1678 561 1722 oportet
594 1679 627 1710 et
657 1675 761 1711 verba
791 1674 851 1710 illa
880 1674 1040 1722 putribus
1071 1676 1109 1709 in
1133 1674 1242 1721 qlebis
1268 1681 1439 1709 terrarum
1466 1673 1552 1709 nihil

157 1738 238 1770 sunt
269 1735 336 1770 nisi
366 1734 500 1780 poetica
532 1734 699 1780 simplicis
732 1738 843 1769 terrae
878 1733 1025 1769 nominis
1057 1732 1325 1768 circumlocutio.
1384 1731 1551 1767 Similiter

155 1805 210 1830 res
237 1804 273 1829 se
299 1793 402 1829 habet
427 1793 529 1829 etiam
556 1792 592 1828 111
619 1804 649 1828 v.
669 1792 684 1828 Ι
702 1794 783 1829 888.
813 1815 857 1820 --
885 1792 951 1828 Sed
977 1792 1042 1829 hoc
1059 1792 1143 1827 satis
1162 1792 1216 1837 sit,
1244 1791 1381 1837 utquid
1400 1791 1548 1827 sentiam

157 1852 375 1899 significetur.
440 1852 591 1887 Transeo
630 1852 699 1887 iam
739 1851 782 1887 ad
820 1851 985 1887 nonnulla
1023 1850 1145 1886 similis
1178 1850 1346 1886 ubertatis
1380 1849 1550 1897 exempla,

157 1923 243 1959 quae
270 1914 389 1948 extant
413 1911 448 1947 in
475 1910 587 1946 verbis
614 1921 773 1946 versuum
800 1910 907 1956 1130,
936 1910 962 1946 V
994 1911 1082 1946 1391
1107 1917 1255 1958 propter
1282 1923 1393 1957 aquae
1418 1912 1532 1945 rivum
1540 1923 1551 1952 ,-

157 1983 237 2008 nam
270 1971 299 2007 si
330 1970 438 2006 dulcis
470 1981 577 2016 aquae
609 1973 669 2005 aut
700 1980 805 2016 purae
837 1970 948 2005 rivum
983 1972 1086 2017 poeta
1111 1969 1350 2016 descripsisset
1375 1971 1434 2004 aut
1460 1967 1553 2004 aliud

158 2031 239 2079 quid
265 2030 387 2076 simile,
414 2030 478 2065 rivi
506 2033 663 2065 naturam
691 2029 883 2065 accuratius
908 2028 1136 2073 definivisset3
1164 2029 1320 2074 genetivo
1347 2039 1552 2075 aquae-au-

158 2095 227 2127 tem
255 2090 326 2126 solo
353 2089 484 2126 adiecto
511 2088 597 2124 nihil
623 2088 764 2134 accedit,
792 2088 882 2135 quod
907 2099 975 2124 non
1004 2099 1047 2124 ex
1072 2088 1139 2124 rivi
1164 2089 1301 2124 nomine
1326 2087 1401 2134 ipso
1420 2087 1554 2124 intelle-

159 2154 270 2196 gatur.
322 2149 390 2186 Sed
422 2149 540 2185 eadem
575 2148 710 2195 phrasis
742 2147 918 2183 invenitur
943 2147 1047 2184 etiam
1074 2148 1110 2183 in
1137 2147 1267 2193 Culice,
1301 2159 1333 2183 v.
1360 2148 1431 2183 388
1459 2150 1494 2182 et
1518 2147 1555 2182 in

158 2210 231 2251 Ecl.
263 2209 363 2255 Verg.
398 2208 474 2245 VIII
497 2209 554 2254 86,
586 2219 673 2255 quae
706 2207 864 2254 exempla
889 2218 958 2242 una
983 2217 1060 2243 cum
1088 2207 1213 2243 Tibulli
1238 2206 1315 2242 libr.
1343 2206 1368 2251 1,
1399 2217 1506 2242 carm.
1539 2210 1552 2242 1

159 2281 191 2305 V.
219 2267 326 2317 27s28
352 2269 413 2305 sub
448 2268 571 2304 umbra
604 2268 750 2303 Arboris
779 2268 827 2303 ad
856 2268 950 2302 rivos
974 2268 1228 2314 praetereuntis
1259 2279 1372 2313 aquae
1411 2269 1504 2303 recte
1537 2277 1558 2301 a

159 2328 325 2365 Munrone
352 2328 556 2365 adhibentur
581 2326 653 2374 (cf.,
679 2328 709 2363 si
735 2326 857 2374 placet,
885 2326 986 2362 etiam
1013 2325 1141 2361 Psalmi
1162 2326 1265 2373 primi
1283 2337 1420 2362 versum
1441 2326 1462 2361 3
1482 2326 1558 2362 ‘der

159 2388 205 2423 ist
230 2389 294 2424 wie
321 2389 375 2424 ein
402 2388 522 2432 Baum‚
547 2386 741 2433 gepflanzet
766 2398 808 2422 an
835 2386 900 2422 den
928 2383 1238 2431 Wasserbachen'),
1266 2389 1300 2421 et
1322 2385 1483 2421 similiter
1500 2397 1557 2430 ge-

161 2447 296 2482 netivus
315 2448 479 2483 materiae
496 2446 611 2493 lepida
629 2446 838 2481 abundantia
856 2445 907 2480 his
925 2444 1007 2479 locis
1024 2443 1239 2481 Lucretianis
1259 2444 1414 2482 additur:
1442 2444 1472 2482 II
1487 2445 1557 2483 664
