1835 2765
878 58 900 92 3

184 164 241 192 tur
264 158 303 191 in
327 169 431 192 venas
458 157 552 192 cibus
579 158 701 199 omnis,
730 163 832 203 auyet
857 156 987 203 alitque
1012 155 1177 203 Corporis
1205 175 1249 180 —-
1272 158 1389 203 partis
1420 157 1592 202 unquieu-

185 216 314 262 losque,
342 216 529 260 eademque
556 215 728 250 sententia
753 222 894 249 auctare
920 222 951 249 et
976 216 1085 249 alere.-
1113 214 1192 249 156
1211 216 1301 249 unde
1328 218 1438 250 omnis
1464 222 1593 250 natura

184 282 273 310 creet
295 287 366 319 res,
394 281 507 309 auctet
530 274 687 320 alatque,
715 273 767 308 bis
798 276 931 308 tantum
964 272 1101 308 inverso
1128 272 1248 307 ordine
1274 274 1338 308 alit
1362 282 1464 321 atque
1490 281 1594 321 auyet

184 333 287 369 1229
305 335 397 369 unde
422 334 488 368 alit
511 340 614 379 atque
640 339 743 379 auyet
766 330 884 377 (tellus
911 329 1093 377 animalia)
1116 333 1308 379 yeneratim
1328 333 1464 379 pabula
1483 346 1593 380 prae-

183 393 264 427 bens
290 395 325 427 et
341 391 372 425 V
389 392 461 426 220
488 391 592 432 (feras
619 390 756 433 natura)
784 403 847 425 eur
872 391 937 425 alit
962 397 1064 437 atque
1090 398 1202 437 auqet,
1232 390 1337 424 simili
1365 392 1528 427 orationis
1556 396 1591 427 et

184 451 341 486 ubertate
372 452 406 485 et
436 447 558 484 effectu
592 448 654 483 illa
690 448 872 484 coniuncta
909 452 1012 495 atque
1048 460 1110 484 nos
1149 449 1295 484 dicimus
1332 449 1486 493 „nahren
1521 450 1591 485 und

185 507 364 543 mehren“.
417 507 474 542 Sic
501 508 604 542 etiam
624 506 743 543 Cicero
769 506 926 543 Laelium
954 508 995 543 de
1022 508 1146 543 studiis
1173 508 1244 543 suis
1271 508 1471 553 loquentem
1498 508 1593 553 facit,

185 577 273 612 quae
299 565 506 611 cogitatione
532 568 567 601 et
597 566 763 601 memoria
790 565 962 613 Scipionis
994 567 1122 602 mortui
1154 566 1292 602 alantur
1324 569 1358 601 et
1390 570 1592 611 augeantur.

185 626 240 667 (de
273 625 373 660 amic.
401 624 421 670 ξ
451 625 546 670 104.)
578 646 625 650 -
657 625 789 661 Eadem
829 626 951 661 deinde
991 629 1043 661 est
1080 637 1184 661 causa
1210 626 1224 661 Ι
1251 627 1319 661 641
1356 628 1473 661 omnia
1505 628 1595 661 enim

185 686 305 720 stolidi
329 686 441 731 maqis
467 686 687 719 admirantur
706 692 892 731 amantque
917 685 952 719 iu
972 684 1085 719 verbis
1111 687 1286 720 admirari
1311 689 1346 720 et
1370 698 1489 720 amare
1514 696 1594 720 con-

185 744 323 789 iunctis,
352 754 495 789 quorum
524 744 697 779 sententia
722 754 833 789 neque
859 743 915 778 hic
934 743 1032 779 valde
1056 742 1170 779 differt
1196 755 1306 790 neque
1323 743 1447 780 Horati
1474 743 1548 779 loco
1575 756 1595 779 a

185 803 353 839 Munrone
384 808 463 848 apte
490 802 612 837 allato:
640 803 739 848 epist.
759 802 800 837 ΙΙ.
820 805 853 847 2,
873 803 919 838 58
938 804 1085 849 denique
1100 816 1171 838 non
1188 816 1301 838 omnes
1319 805 1437 839 eadem
1461 806 1595 839 miran-

186 869 242 897 tur
268 869 465 908 amantque,
493 872 604 907 neque
630 861 725 906 item,
753 861 887 907 opinor,
915 861 1052 896 dicendi
1078 861 1289 897 abundantia
1315 866 1349 897 et
1377 863 1451 897 soni
1471 862 1594 897 simili-

185 921 269 956 tudo
297 921 406 968 petita
431 920 601 965 legentem
628 920 747 965 fugere
774 923 886 966 potest
909 920 961 955 his
979 920 1080 956 loeis:
1109 920 1155 955 ΙΙΙ
1174 921 1245 956 355
1263 923 1344 968 ipsa
1358 922 1483 968 palam
1501 923 1596 968 quod

186 993 240 1015 res
271 981 367 1015 dedit
395 993 437 1014 ac
468 981 586 1014 docuit
614 992 695 1023 nos,
728 979 757 1013 V
784 980 876 1014 1108
906 992 1011 1026 pecus
1042 987 1145 1026 atque
1177 992 1280 1026 ayros
1313 981 1458 1014 divisere
1492 987 1595 1026 atque

186 1040 319 1082 dedere,
347 1038 470 1074 deinde
488 1038 534 1073 IV
551 1035 685 1085 422123
704 1045 734 1073 et
752 1050 965 1085 quocumque
983 1039 1099 1073 oeulos
1126 1040 1336 1083 traiecimus,
1365 1040 1483 1073 omnia
1497 1039 1597 1083 ferri

188 1099 234 1134 Ec
266 1100 378 1145 fluere
416 1098 574 1133 adsimili
608 1098 708 1133 nobis
746 1099 882 1134 ratione
919 1099 1096 1142 videntur,
1138 1109 1282 1143 quocum
1324 1102 1403 1144 apte
1441 1098 1596 1133 conferes

187 1157 232 1192 VI
251 1155 383 1203 931132
409 1170 518 1204 usque
544 1159 629 1192 adeo
657 1157 814 1192 omnibus
841 1157 884 1192 ab
910 1157 1012 1192 rebus
1038 1170 1092 1192 res
1119 1170 1274 1204 quaeque
1295 1158 1447 1203 fluenter
1470 1157 1597 1192 Fertur

187 1220 221 1252 et
238 1216 441 1258 Quintiliani
467 1215 543 1250 libr.
564 1215 622 1251 IX.
640 1216 675 1260 4,
697 1217 765 1251 112
786 1216 852 1260 (ed.
872 1215 988 1258 Halm)
1016 1223 1106 1251 totus
1130 1229 1210 1251 vero
1237 1217 1293 1251 hic
1319 1217 1413 1252 loeus
1431 1229 1502 1252 non
1518 1218 1595 1252 ideo

187 1283 357 1311 tractatur
382 1289 404 1310 a
429 1275 544 1318 nobis,
579 1282 617 1309 ut
642 1277 771 1319 oratio,
804 1288 892 1321 quae
914 1276 1016 1321 ferri
1040 1276 1136 1310 debet
1161 1289 1201 1310 ac
1222 1277 1351 1322 fluere,
1380 1277 1597 1311 dimetiendis

187 1335 333 1381 pedibus
358 1347 400 1369 ac
425 1335 683 1380 perpendendis
714 1334 859 1380 syllabis
889 1341 1125 1376 eonsenescat;
1158 1337 1231 1368 tum
1265 1333 1370 1369 affero
1398 1334 1443 1369 IV
1462 1333 1596 1381 883184

188 1406 268 1440 erqo
295 1394 433 1428 animus
459 1405 537 1427 eum
561 1405 631 1427 sese
656 1394 707 1427 ita
733 1399 928 1437 commovet,
955 1400 994 1428 ut
1018 1394 1100 1428 velit
1129 1395 1181 1428 ire
1208 1394 1319 1440 Inque
1348 1395 1461 1440 9redi,
1487 1393 1501 1428 Ι
1525 1395 1597 1430 375

188 1454 239 1488 sie
264 1453 354 1487 alias
381 1464 517 1498 quoque
541 1464 596 1486 res
621 1453 711 1487 inter
737 1464 770 1486 se
795 1464 899 1499 posse
928 1454 1060 1487 moveri
1086 1452 1134 1487 Et
1159 1459 1294 1487 mutare
1321 1453 1449 1497 locum,
1478 1452 1507 1487 V
1526 1454 1597 1488 314

188 1525 250 1548 nee
274 1513 411 1547 validas
442 1513 522 1546 aevi
550 1513 641 1546 vires
673 1511 833 1558 perferre
867 1513 1029 1558 patique,
1064 1511 1155 1557 quod
1189 1512 1339 1547 occurrit
1368 1512 1471 1548 etiam
1505 1513 1596 1559 apud

189 1571 274 1606 alios
301 1575 437 1617 poetas,
465 1570 560 1605 velut
585 1570 619 1605 in
648 1570 786 1605 Terenti
813 1570 946 1605 Andria
971 1570 995 1605 Ι.
1025 1573 1061 1614 1,
1085 1572 1132 1606 35
1153 1571 1268 1616 facile
1294 1584 1409 1606 omnes
1436 1573 1597 1619 perferre

190 1643 232 1665 ac
260 1632 359 1677 pati,
395 1629 448 1665 bis
475 1629 566 1676 apud
593 1629 775 1665 Horatium
802 1630 837 1664 in
865 1629 1020 1676 epistolis
1047 1629 1071 1664 I.
1095 1631 1150 1674 15,
1172 1630 1213 1664 17
1243 1633 1276 1665 et
1295 1629 1320 1664 I.
1344 1632 1399 1675 16,
1419 1631 1476 1675 74,
1504 1631 1594 1676 apud

189 1688 384 1724 Martialem
404 1688 476 1723 VII.
497 1689 556 1733 39,
575 1690 610 1733 3,
636 1699 747 1734 neque
765 1688 829 1723 hoc
847 1693 880 1723 et
897 1699 960 1734 par
977 1688 1063 1723 illud
1079 1689 1181 1734 ferre
1202 1702 1244 1723 ae
1264 1691 1357 1735 pati,
1386 1689 1475 1734 quod
1502 1690 1593 1735 apud

188 1749 302 1794 ipsum
335 1744 534 1782 Lucretium
569 1750 666 1783 extat
698 1747 727 1782 ΙΙ
754 1748 843 1792 291,
876 1758 896 1782 a
929 1757 1052 1793 prosae
1087 1747 1251 1782 orationis
1290 1747 1496 1794 scriptorum
1529 1759 1593 1783 usu

189 1806 338 1842 alienum
374 1809 438 1841 est.
488 1805 612 1841 Munro
647 1805 747 1841 affert
772 1805 849 1841 Livi
880 1805 1007 1841 librum
1033 1805 1075 1841 X.
1102 1807 1162 1851 11,
1188 1807 1231 1841 12
1259 1809 1360 1852 atque
1387 1818 1405 1842 e
1431 1806 1593 1843 Cicerone

189 1866 253 1901 hoc
278 1870 313 1901 et
338 1864 465 1900 similia
484 1864 746 1900 Doederleinius
773 1866 809 1900 in
835 1865 922 1901 libro
949 1864 991 1900 de
1017 1865 1131 1900 verbis
1152 1864 1353 1901 Latinorum
1381 1867 1592 1912 synonymis,

189 1925 255 1960 vol.
275 1924 321 1960 IV
338 1935 417 1970 pag.
437 1924 519 1959 261.
563 1923 748 1959 Praeterea
774 1928 808 1959 et
834 1924 1076 1960 alliterationis
1102 1927 1136 1960 et
1162 1924 1315 1960 eiusdem
1341 1925 1391 1960 rei
1411 1926 1461 1960 bis
1480 1925 1594 1960 verbis

189 1994 375 2030 expressae
401 1982 561 2029 exempla
586 1985 682 2017 sunt:
716 1982 747 2017 II
772 1983 844 2018 934
874 1984 955 2018 huic
983 1985 1069 2019 satis
1094 1984 1185 2018 illud
1210 1986 1276 2019 erit
1301 1985 1448 2030 planum
1469 1985 1594 2030 facere

190 2051 292 2091 atque
314 2043 466 2091 probare
492 2045 527 2078 et
551 2041 597 2077 IV
615 2042 687 2077 964
710 2054 871 2089 puynare
895 2055 937 2077 ac
965 2043 1107 2090 proelia
1134 2043 1238 2087 obire,
1265 2042 1423 2087 idemque
1449 2047 1595 2089 apparet

189 2104 225 2138 in
252 2102 365 2138 verbis
392 2102 422 2137 V
447 2099 599 2147 1410111
627 2114 710 2136 nam
736 2102 830 2147 quod
854 2102 953 2136 adest
982 2109 1135 2147 praesto,
1161 2104 1233 2137 nisi
1257 2103 1343 2148 quid
1372 2105 1594 2149 coqnovimus

190 2170 269 2198 ante
295 2161 465 2207 Sciamus,
496 2163 535 2197 in
570 2162 696 2209 primis
732 2160 847 2207 placet
882 2167 913 2195 et
945 2161 1082 2207 pollere
1111 2162 1261 2204 videtur,
1295 2160 1329 2195 in
1363 2171 1430 2206 quo
1462 2172 1595 2198 conexu

187 2223 304 2270 placet
327 2227 361 2257 et
384 2222 492 2269 pollet
517 2221 598 2266 quid
627 2219 810 2256 differunt?
844 2223 879 2255 et
904 2218 933 2253 V
956 2218 1089 2266 898199
1116 2221 1261 2267 denique
1281 2221 1430 2267 flamma
1456 2224 1595 2269 quidem

191 2295 267 2317 cum
299 2294 449 2329 corpora
476 2281 587 2327 fulva
619 2281 754 2315 leonum
788 2279 875 2315 Tam
906 2279 1013 2314 soleat
1043 2286 1173 2314 torrere
1203 2287 1305 2326 atque
1340 2293 1441 2316 urere
1477 2282 1592 2327 (quam

190 2343 305 2376 cetera
336 2337 534 2386 animalia),
566 2339 624 2375 ubi
655 2338 809 2375 torrendi
835 2337 976 2374 verbum
1008 2337 1052 2373 ad
1084 2339 1288 2374 sententiam
1321 2339 1424 2376 inane
1449 2354 1469 2375 r
1494 2340 1594 2377 litera

191 2399 366 2435 cumulata
392 2402 509 2435 tamen
535 2399 701 2434 orationis
727 2398 864 2434 cuidam
888 2397 998 2443 lepori
1025 2397 1143 2433 servit.

290 2458 358 2495 Sed
391 2458 544 2494 maxime
570 2457 675 2494 verba
707 2467 900 2504 synonyma
931 2456 979 2491 ita
1012 2456 1193 2492 coniuncta
1223 2456 1437 2503 invenimus,
1472 2461 1512 2493 ut
1542 2458 1594 2494 bis

1382 2514 1418 2544 1*
